3109 5175
1161 400 1241 470 Α
1288 396 1359 469 9.
1434 397 1662 471 991α.
2370 401 2510 477 115

310 590 435 655 qne
476 571 562 634 im
608 568 991 636 confirment
1027 571 1503 639 conclusionem
1541 568 1698 639 ὥστ’
1736 574 1922 639 ἔσται
1961 570 2202 640 οὐσιῶν
2237 568 2322 639 τὰ
2358 574 2515 657 εἴδη,

311 672 738 759 recipiendam
784 673 931 738 duxi
976 673 1316 740 lectionem
1362 698 1516 755 eam,
1562 698 1748 763 quam
1779 675 2140 743 Alexander
2171 681 2331 743 etin
2363 678 2515 745 lem-

305 786 473 841 mate
515 800 578 862 p.
607 780 712 855 67,
746 777 832 841 19
878 787 944 842 et
983 780 1052 842 ln
1098 781 1551 845 commentario
1588 779 1841 845 exhibet
1868 804 1930 865 p.
1962 783 2067 858 66,
2095 784 2207 846 27:
2253 776 2515 847 ταύτὰ

306 873 458 964 γὰρ
500 875 806 945 sazawa
849 903 922 945 vs
965 878 1200 948 οὐσίαν
1244 883 1549 967 σημαίνει
1591 879 1793 948 κάκεῖ.
1870 883 2070 969 Quod
2109 887 2161 949 si
2199 894 2517 965 recusent,

307 984 408 1060 ait,
455 983 1124 1050 concedere›eandem
1169 1006 1310 1051 esse
1355 996 1421 1050 et
1462 987 1530 1049 in
1576 990 1849 1051 aeternis
1896 998 1961 1052 et
2001 990 2067 1052 in
2108 987 2512 1054 sensibilibus

307 1086 492 1151 rebus
535 1085 930 1151 substantiae
969 1091 1129 1168 vim,
1183 1091 1252 1156 τί
1292 1091 1475 1154 ἔσται
1517 1080 1596 1153 τὸ
1641 1084 1810 1154 εἶναι
1851 1093 1985 1156 κτλ.
2025 1094 2151 1170 α2,
2201 1091 2357 1177 quid
2401 1102 2515 1171 est,

305 1210 417 1253 cur
459 1188 524 1254 id
568 1187 744 1276 quod
789 1212 982 1255 unum
1028 1190 1111 1257 de
1154 1193 1367 1258 multis
1425 1197 1843 1259 communiter
1883 1194 2291 1281 praedicatur
2329 1217 2512 1281 prae-

305 1301 404 1356 ter
443 1291 609 1357 banc
652 1314 858 1359 rerum
895 1293 1364 1361 miiltitudinem
1391 1317 1547 1360 vere
1580 1317 1720 1360 esse
1747 1306 2013 1384 ponant.
2072 1300 2325 1364 Vanum
2356 1299 2513 1364 alio-

304 1399 457 1480 quin
501 1407 565 1459 et
609 1398 801 1461 inane
845 1401 966 1462 erit
1008 1401 1538 1486 participationis,
1594 1421 1723 1485 quo
1770 1410 2060 1478 utuntur,
2109 1400 2509 1468 vocabulum.

303 1499 456 1563 Non
497 1502 697 1587 magis
741 1502 807 1564 in
853 1500 1176 1587 dyadibus
1221 1501 1653 1581 sensibilibus,
1695 1503 1831 1567 τῶν
1872 1505 2207 1592 φθαρτῶν
2251 1500 2513 1569 δυάδων

301 1603 410 1679 ⁰4,
454 1613 521 1667 et
557 1606 623 1667 in
660 1604 1128 1682 mathematicis,
1169 1605 1304 1669 τῶν
1335 1606 1598 1670 πολλῶν
1631 1606 1753 1688 μὲν
1786 1603 2020 1671 ἀϊδίων
2055 1607 2126 1672 δέ
2170 1608 2290 1687 (cf.
2330 1607 2410 1672 ad
2446 1610 2510 1671 6.

301 1707 462 1772 987ῠ
491 1708 646 1785 16),
689 1710 828 1792 ipsa
873 1706 1102 1794 dyadis
1145 1713 1330 1773 notio
1378 1720 1442 1773 et
1486 1708 1837 1773 substantia
1884 1707 2107 1774 eadem
2152 1721 2279 1789 est,
2322 1731 2511 1796 quam

300 1811 368 1873 in
415 1807 626 1895 dyade
663 1809 874 1888 ideali,
918 1812 1025 1875 ἐπέ
1067 1807 1125 1875 τ’
1163 1808 1369 1891 αὐτῆς
1403 1813 1513 1887 αὖ,
1563 1822 1629 1875 et
1661 1811 1928 1899 singulis
1964 1812 2320 1900 quibusque
2355 1813 2512 1900 dya-

303 1910 517 1987 dibns3
562 1911 667 1977 vel
709 1923 780 1977 ut
823 1912 966 1978 alio·
996 1924 1247 1979 utamur
1290 1913 1601 2000 exemplo,
1644 1935 1779 1979 non
1813 1918 2017 2002 magis
2049 1918 2117 1979 in
2149 1914 2512 1980 bominibus

300 2014 709 2080 sensibilibus
757 2017 976 2081 eadem
1022 2028 1122 2082 est
1163 2016 1438 2081 bominis
1473 2019 1658 2082 notio
1694 2038 1771 2082 ac
1806 2016 2173 2096 substantia,
2219 2038 2406 2103 quam
2440 2021 2510 2082 in

299 2119 559 2183 homine
602 2117 797 2183 ideali
844 2131 910 2184 et
941 2119 1243 2185 sensibili.
1309 2119 1503 2185 Unde
1543 2130 1827 2208 apparet,
1871 2120 2055 2185 ideae
2089 2123 2147 2184 si
2180 2132 2331 2185 sunt
2363 2118 2512 2185 snb-

299 2228 600 2300 stantiae,
653 2225 838 2287 etiam
890 2244 996 2288 res
1036 2226 1490 2311 participantes
1530 2227 1698 2289 inter
1739 2223 2121 2289 substantias
2167 2242 2307 2288 esse
2351 2223 2513 2288 refe-

299 2326 550 2392 rendas.
642 2325 757 2391 Sin
797 2329 1035 2405 minus,
1089 2326 1152 2390 h.
1185 2348 1240 2391 e.
1286 2329 1340 2391 si
1382 2348 1623 2413 genere
1668 2326 1950 2392 diversas
1997 2347 2139 2390 esse
2183 2329 2518 2391 staulinus

299 2429 480 2496 ideas
538 2439 603 2493 et
657 2451 760 2493 res
816 2433 1299 2516 participantes,
1355 2429 1514 2494 nibil
1571 2430 1744 2496 aliud
1803 2448 2137 2495 commune
2162 2427 2514 2494 >habebunt

298 2536 426 2599 nisi
469 2554 723 2612 nomen,
765 2528 1086 2617 ὁμώνυμα
1127 2525 1215 2598 ἂν
1257 2531 1354 2612 εἴη
1391 2536 1501 2613 46,
1548 2532 1727 2621 quod
1769 2533 1924 2599 licet
1967 2530 2267 2598 concludi
2310 2534 2515 2619 possit

303 2658 340 2702 e
370 2636 619 2723 placitis
647 2635 996 2701 Platonicis
1029 2636 1112 2700 ad
1144 2635 1596 2703 refutationem
1629 2660 1866 2716 eorum,
1911 2640 2050 2723 ipse
2084 2646 2296 2701 tamen
2325 2635 2512 2701 Plato

299 2744 558 2806 minime
597 2743 833 2819 sumit,
878 2739 962 2806 cf.
1003 2740 1086 2805 ad
1121 2741 1183 2803 6.
1213 2740 1375 2806 987⁶
1405 2742 1508 2805 10.
1539 2777 1629 2790 --
1672 2742 1861 2806 Hunc
1903 2743 1970 2804 in
2015 2739 2273 2810 modum
2316 2739 2512 2805 verba

299 2846 394 2909 ⁰2
435 2844 549 2909 καὶ
593 2847 648 2907 sl
690 2844 812 2927 μὲν
853 2836 1056 2909 ταύτὸ
1104 2839 1278 2919 εἶδος
1317 2879 1406 2894 ——-
1449 2846 1494 2908 8
1536 2844 1900 2933 ἐπιβλέψας
1941 2840 2162 2909 αὐτῶν
2196 2843 2516 2909 ·videntur

299 2950 387 3013 ita
430 2967 627 3034 posse
673 2946 986 3034 explicari,
1038 2956 1112 3011 ut
1153 2957 1291 3010 arte
1334 2947 1721 3011 cohaereant
1765 2967 1906 3010 cum
1949 2948 2285 3032 superiore
2328 2965 2516 3033 argn-

297 3053 694 3115 mentatione
741 3061 806 3115 et
847 3052 1198 3115 inserviant
1233 3049 1712 3115 confirmandae
1748 3051 2103 3114 sententiae
2139 3041 2349 3114 ταύτὰ
2383 3041 2514 3134 γάρ

298 3193 389 3206 —-
431 3148 510 3219 τὰ
553 3156 626 3220 ἓν
670 3154 776 3219 ἐπὶ
817 3153 1094 3232 πολλῶν,
1137 3152 1257 3217 sed
1299 3152 1625 3218 difficilem
1662 3176 1799 3218 cam
1838 3173 1981 3217 esse
2023 3151 2511 3239 explicationem

297 3279 423 3323 nec
469 3269 591 3323 tam
636 3259 844 3344 repeti
888 3278 964 3321 ex
1001 3258 1156 3343 ipsis
1191 3256 1552 3322 Aristotelis
1588 3257 1802 3322 verbis
1838 3278 2024 3342 quam
2061 3257 2138 3319 iis
2169 3253 2333 3333 addi,
2377 3276 2516 3321 non

298 3383 402 3427 me
446 3362 631 3449 fugit.
696 3361 918 3447 Itaque
959 3358 1128 3424 band
1172 3361 1306 3426 scio
1343 3381 1424 3425 an
1463 3370 1737 3424 extrema
1771 3360 1932 3426 haec
1963 3361 2366 3425 ratiocinatio
2402 3359 2516 3423 καὶ
2614 3358 2621 3364 ’

299 3469 356 3529 εὶ
398 3465 519 3549 μὲν
567 3501 655 3516 -·
699 3464 1061 3553 ἐπιβλέψας
1118 3459 1336 3527 αὐτῶν
1391 3461 1789 3550 seiungenda
1848 3465 1929 3528 sit
1985 3485 2022 3527 a
2075 3461 2516 3547 superioribus

299 3578 373 3633 et
413 3559 1125 3652 seorsim‘accipienda,
1170 3587 1545 3653 quamquam
1588 3568 1677 3630 ita
1721 3565 1974 3652 quidem
2018 3565 2177 3630 nihil
2224 3567 2518 3628 continet

298 3670 507 3749 aliud,
551 3692 737 3757 quam
778 3668 939 3734 illud
982 3681 1449 3758 argumentum,
1496 3667 1671 3756 quod
1713 3670 1938 3754 τρίτου
1981 3665 2354 3755 ἀνθρώπου
2398 3688 2517 3731 no-

297 3779 474 3841 mine
518 3796 710 3861 supra
756 3776 879 3838 iam
922 3775 1086 3839 99⁰1>
1124 3776 1207 3840 17
1255 3785 1354 3839 est
1395 3773 1838 3862 significatum.
1889 3811 1970 3824 —
2008 3775 2102 3836 αὖ
2147 3772 2256 3835 ἐπί
2298 3766 2357 3834 τ’
2398 3766 2519 3835 αὐ-

299 3879 424 3959 τῆς
466 3880 527 3943 h.
565 3900 619 3943 e.
663 3880 774 3943 int
814 3873 874 3942 τ’
910 3873 1117 3957 αὐτῆς
1158 3879 1279 3956 τῆς
1321 3873 1580 3954 δυάδος,
1624 3875 1802 3962 quod
1832 3878 2055 3962 scripsi
2084 3895 2209 3962 pro
2238 3873 2518 3938 lectione

296 3981 563 4070 vulgata
607 3983 715 4047 ἐπὶ
755 3976 1024 4060 ταύτης,
1080 3983 1186 4045 vix
1230 3979 1448 4069 egebit
1491 3978 2075 4070 commendatione,
2120 3980 2177 4044 si
2217 3986 2395 4042 recte
2441 3997 2518 4042 ea

299 4085 601 4151 videntur
653 4084 970 4171 disputata
1030 4105 1198 4163 esse,
1256 4088 1422 4170 qu'ae
1478 4083 1565 4148 de
1607 4086 1902 4150 universa
1947 4082 2076 4148 loci
2122 4083 2372 4146 ratione
2422 4101 2526 4143 ex-

298 4192 511 4277 posui.
577 4188 771 4276 Apud
801 4187 1231 4253 Alexandrum
1275 4187 1605 4252 exhibetur
1632 4184 1885 4272 quidem
1922 4210 1987 4272 p.
2018 4189 2123 4265 69,
2152 4187 2199 4249 6
2226 4187 2333 4250 ἐπὶ
2362 4178 2521 4248 ταύ-

299 4295 436 4372 της,
477 4293 594 4358 sed
641 4315 832 4379 quum
879 4290 1112 4358 deinde
1155 4295 1221 4355 in
1268 4290 1689 4378 explicatione
1733 4288 1971 4353 babeat
2010 4311 2073 4374 p.
2102 4289 2210 4367 69,
2252 4289 2367 4352 15:
2413 4285 2521 4350 ἐπὶ

300 4397 419 4475 τῆς
463 4392 668 4475 αὐτῆς
710 4394 888 4473 ἰδέας
931 4395 1049 4475 τῆς
1082 4389 1491 4470 αὐτοδυάδος
1521 4394 1633 4459 καὶ
1669 4393 1800 4457 τῶν
1834 4391 2031 4456 τινῶν
2069 4386 2348 4468 δυάδων,
2383 4409 2521 4453 non

303 4497 608 4566 ffissimile
649 4519 809 4566 vero
843 4498 1160 4578 videatur,
1195 4495 1336 4564 imo
1363 4499 1553 4563 etiam
1582 4491 2007 4561 Alexandrum
2045 4495 2377 4582 scripsisse
2416 4494 2525 4556 ἐπί

2034 4599 2115 4654 8·
2494 4647 2501 4654 .
