3109 5175
570 362 710 439 16⁶
1389 364 1462 436 Β
1509 361 1579 436 5.
1663 358 1931 436 10020.

562 541 876 630 gitatione
904 536 1053 605 addi
1081 538 1287 606 iubet:
1333 542 1466 605 τῶν
1501 536 1818 625 ἀριθμῶν
1855 561 1924 605 τε
1960 540 2073 606 καὶ
2106 541 2241 605 τῶν
2273 539 2599 624 μεγεθῶν,
2639 557 2768 604 ma·

562 645 798 711 nifesto
839 644 1065 710 horum
1101 643 1443 710 verborum
1480 646 1858 710 sententiam
1896 646 2222 730 pervertit.
2288 641 2469 710 Nihil
2502 646 2766 709 omnino

567 759 667 815 est
720 747 1178 837 supplendum,
1232 748 1346 815 sed
1390 746 1434 828 ἡ
1479 741 1649 827 αὐτὴ
1695 742 1890 837 φύσις
1932 753 2170 836 pariter
2219 758 2410 833 atque
2452 744 2497 825 ἡ
2540 742 2769 814 ἀνισό·

564 877 685 935 της
738 852 1168 940 praedicatum
1226 865 1325 920 eat
1377 853 1648 919 subiecti
1690 847 1767 920 τὸ
1811 846 1905 937 μὴ
1949 858 2037 918 ἓν.
2125 851 2405 939 Intelligi
2448 871 2581 916 non
2626 862 2769 937 pot·

567 967 680 1036 est,
724 957 1051 1044 quomodo
1097 979 1271 1024 nunc
1312 962 1556 1026 numeri
1599 979 1772 1026 nunc
1817 969 2110 1024 extensae
2153 951 2620 1044 magnitudines
2669 975 2770 1020 ex-

566 1064 817 1140 sistant,
875 1084 1064 1147 quum
1107 1060 1266 1128 illud
1312 1083 1637 1140 non-ens,
1694 1061 1869 1149 quod
1927 1060 2254 1130 materiale
2297 1070 2548 1148 ponunt
2599 1062 2771 1145 prin·

564 1170 814 1255 cipium,
857 1165 1008 1233 licet
1048 1166 1312 1233 diversis
1350 1166 1712 1254 appelletur
1748 1166 2130 1244 nominibus,
2173 1160 2344 1234 πολὺ
2374 1166 2490 1231 καὶ
2518 1160 2771 1258 fii-lym,

559 1275 733 1358 μέγα
763 1272 877 1336 καὶ
908 1267 1144 1359 μικρόν
1179 1280 1318 1351 etc„
1354 1269 1575 1338 eadem
1612 1281 1825 1338 tamen
1856 1269 2329 1358 inaequalitatis
2359 1280 2584 1336 natura
2619 1290 2771 1336 con·

563 1377 857 1442 n‘neatur.

1475 1528 1705 1604 CAP.
1771 1531 1860 1604 V.

841 1674 1158 1752 emutio
1201 1674 1604 1740 duodecima.
1698 1674 1902 1740 loolb
1936 1650 2025 1738 26
2047 1710 2134 1722 -
2159 1673 2361 1738 10026
2401 1674 2504 1738 11.

694 1793 829 1859 Res
864 1793 1355 1872 mathematicae,
1391 1791 1601 1859 solida
1637 1791 2010 1879 superficies
2043 1791 2253 1860 lineae
2290 1803 2545 1877 puncta,
2581 1811 2771 1877 quae-

563 1898 726 1963 ritnr
765 1907 975 1963 utrum
1002 1916 1125 1985 pro
1156 1896 1527 1965 substantiis
1556 1897 1889 1964 habendae
1921 1899 2049 1964 sint
2076 1916 2312 1972 necne;
2353 1918 2538 1982 quam
2580 1918 2772 1984 quae-

564 2004 835 2067 stionem
872 2004 1273 2068 coniunctam
1313 2024 1454 2070 esse
1487 2002 1645 2068 dicit
1678 2024 1819 2068 cum
1861 2003 2211 2089 superiore,
2254 1994 2505 2068 τούτων
2532 1996 2594 2065 δ’
2626 2004 2773 2085 ἑχο-

561 2109 726 2189 „usam
764 2107 912 2187 ⁶26,
956 2105 1060 2171 vel
1100 2106 1277 2193 quod
1314 2106 1448 2172 illic
1482 2109 1796 2194 quaesivit
1829 2103 2156 2193 quomodo
2191 2124 2267 2169 ex
2299 2106 2617 2194 principio
2652 2106 2774 2171 τοῦ

563 2204 712 2284 ἑνός
748 2208 979 2275 deduci
1011 2214 1259 2296 possint
1289 2233 1392 2277 res
1427 2214 1873 2299 geometricae,
1907 2210 2012 2275 vel
2047 2208 2221 2296 quod
2257 2208 2607 2274 eorundem
2636 2209 2774 2293 pbi-

562 2310 984 2398 losophorum
1027 2314 1260 2400 placita
1305 2318 1555 2400 utrique
1604 2316 1965 2400 quaestioni
2008 2312 2219 2380 locum
2265 2311 2598 2378 dederunt.
2674 2313 2774 2378 Ac

561 2419 829 2502 primum
877 2417 1128 2504 quidem
1176 2417 1351 2504 quod
1394 2439 1498 2484 res
1540 2418 2004 2485 mathematicas
2036 2439 2178 2483 esse
2206 2417 2590 2484 substantias
2621 2438 2772 2483 con-

561 2518 791 2600 firmat,
841 2523 1296 2590 ⁶28—1002a
1333 2525 1433 2602 14,
1485 2525 1769 2589 rationes
1811 2525 2045 2609 repetit
2090 2544 2127 2589 e
2170 2532 2396 2591 natura
2440 2524 2559 2602 τῆς
2599 2514 2770 2587 κατὰ

563 2617 685 2689 τὸν
725 2621 932 2711 λόγον
971 2630 1082 2693 καὶ
1128 2621 1205 2693 τὸ
1250 2622 1421 2704 εἶδος
1465 2623 1716 2704 οὐσίας.
1803 2627 2111 2693 Nimirum
2158 2629 2215 2693 si
2259 2648 2296 2690 a
2337 2627 2530 2693 rebus
2575 2629 2772 2693 sensi·-

563 2727 797 2797 bilibus
838 2753 911 2796 ea
950 2734 1466 2819 separaverimus,
1509 2752 1675 2817 quae
1709 2732 2049 2799 manifesto
2089 2728 2439 2797 accidentia
2476 2740 2627 2797 sunt
2663 2752 2774 2799 ne-

566 2853 691 2920 que
734 2835 1035 2901 affectare
1082 2839 1342 2902 omnino
1393 2847 1668 2924 possunt
1722 2835 2115 2903 substantiae
2171 2833 2576 2924 dignitatem,
2633 2838 2774 2921 ipsa

563 2950 850 3009 remanet
889 2940 1264 3030 magnitudo
1309 2951 1600 3020 extensa,
1656 2961 1889 3026 corpus
1940 2941 2474 3017 mathematicum,
2530 2942 2596 3003 in
2642 2959 2772 3025 quo

563 3046 764 3108 insint
808 3055 873 3109 et
916 3043 998 3109 de
1042 3066 1169 3131 quo
1214 3044 1666 3131 praedicentur
1710 3043 2080 3110 accidentia.
2154 3046 2348 3132 Atqui
2391 3063 2623 3129 corpus
2664 3041 2775 3108 de-

562 3147 786 3213 finitur
828 3147 1064 3234 planis,
1107 3148 1298 3236 plana
1344 3147 1560 3226 lineis,
1604 3147 1773 3214 linea
1818 3152 2100 3235 punctis,
2154 3160 2220 3216 et
2264 3171 2366 3228 ea,
2410 3168 2572 3234 quae
2617 3144 2770 3232 quid

565 3249 896 3331 definiunt,
939 3255 1193 3340 potiora
1238 3263 1387 3319 sunt
1427 3250 1740 3339 dignitate
1782 3266 1847 3317 et
1884 3267 2108 3320 natura
2146 3250 2543 3320 substantiali
2586 3272 2771 3337 quam

567 3355 667 3435 id,
723 3354 896 3443 quod
956 3356 1290 3434 definitum
1362 3376 1521 3445 ergo
1581 3378 1685 3423 res
1746 3358 2221 3426 mathematicae
2277 3355 2774 3444 simplicissimae

562 3482 854 3548 quaeque
915 3466 1178 3528 maxime
1241 3472 1389 3527 sunt
1442 3460 1780 3527 habendae
1834 3485 1957 3548 pro
2015 3463 2403 3529 substantiis.
2506 3458 2774 3525 Accedit

564 3565 742 3652 quod
797 3564 1055 3652 planum
1114 3568 1254 3631 sine
1311 3586 1588 3652 corpore
1648 3587 1788 3632 esse
1845 3576 2090 3651 potest,
2156 3563 2324 3631 linea
2378 3568 2519 3630 sine
2574 3563 2770 3650 plano

563 3671 996 3757 (ἐνδέχεσθαι
1040 3670 1084 3736 δ
1099 3679 1277 3736 οκεῖ
1319 3669 1472 3734 dicit
1519 3671 1728 3736 1002«
1765 3673 1823 3748 7,
1880 3673 2028 3755 quia
2085 3669 2419 3735 dialectice
2474 3668 2772 3755 disputat,

563 3795 698 3839 non
742 3774 1156 3863 distinguens,
1200 3794 1324 3859 qua
1361 3776 1616 3839 ratione
1653 3777 1907 3860 possint
1945 3794 2087 3840 esse
2125 3777 2265 3840 sine
2298 3773 2442 3852 illis,
2477 3794 2599 3860 qua
2634 3793 2772 3838 non

568 3880 878 3963 possint);
918 3881 1092 3964 atqui
1129 3880 1180 3942 si
1213 3899 1335 3962 qua
1366 3888 1639 3963 possunt
1667 3898 1808 3943 esse
1837 3881 1976 3944 sine
2006 3878 2161 3957 aliis,
2196 3877 2305 3943 illa
2334 3880 2554 3966 potius
2582 3899 2768 3963 quam

564 3981 724 4046 haec
765 4003 884 4066 pro
931 3978 1302 4047 substantiis
1337 3991 1486 4046 sunt
1519 3980 1831 4051 habenda.
1895 3983 2073 4048 Haec
2106 3992 2496 4072 argumenta,
2542 3980 2769 4068 quibus

562 4082 893 4150 habendas
941 4105 1080 4149 esse
1124 4106 1244 4171 pro
1286 4085 1654 4151 substantiis
1692 4108 1795 4151 res
1831 4087 2297 4153 mathematicas
2335 4085 2686 4162 confirmat,
2732 4106 2770 4150 e

564 4191 833 4254 notione
874 4199 939 4253 et
977 4209 1014 4255 e
1053 4188 1350 4254 rationali
1386 4201 1614 4255 natura
1654 4212 1868 4257 earum
1903 4195 2098 4279 petita
2139 4213 2280 4257 esse
2316 4202 2611 4279 apparet3
2654 4210 2773 4256 no-

565 4296 745 4359 tione
791 4296 985 4371 enim,
1028 4312 1162 4358 non
1206 4313 1276 4357 re
1322 4315 1398 4357 ac
1438 4297 1729 4375 veritate,
1772 4295 2029 4382 planum
2076 4300 2215 4362 sine
2259 4316 2554 4381 corpore,
2600 4294 2770 4360 linea

566 4399 705 4462 sine
749 4395 948 4483 plano
994 4406 1212 4482 potest
1257 4419 1423 4477 esse,
1482 4419 1693 4484 neque
1751 4399 1974 4467 eadem
2030 4404 2299 4467 notione
2354 4403 2572 4487 priora
2622 4408 2773 4464 sunt

568 4512 635 4567 et
669 4524 760 4568 re.
825 4503 904 4568 ci.
938 4503 1026 4566 M
1046 4503 1109 4567 2.
1143 4505 1345 4569 1077b
1373 4505 1632 4569 1—14.
1701 4504 1986 4573 Eandem
2033 4503 2512 4571 conclusionem
2554 4514 2631 4571 ut
2660 4506 2772 4571 im-
