3109 5175
1179 413 1226 481 I
1273 406 1335 482 1.
1419 406 1687 484 105212.
2387 413 2532 488 417

461 585 492 637 b
506 583 593 648 16
638 575 715 648 τὰ
771 583 869 649 ἑνὶ
927 578 1096 649 εἶναι
1150 578 1227 649 τὸ
1286 581 1635 671 ἀδιαιρέτῳ
1678 586 1859 653 ἐστὶν
1901 578 2095 667 εἶναι,
2151 583 2312 674 ὅπερ
2366 590 2534 672 τῷδε

327 679 476 750 ὄντι
516 687 631 751 καὶ
673 681 1015 773 ἀχωρίστῳ
1059 683 1104 768 ἢ
1147 683 1327 773 τόπῳ
1369 682 1416 769 ἢ
1459 687 1614 755 εἴδει
1655 684 1701 771 ἢ
1742 691 2027 775 διανοίᾳ.
2118 692 2295 757 Haec
2338 691 2532 759 lectio

327 792 385 854 si
431 799 529 854 est
572 793 868 877 genuina,
913 786 1274 879 ἀχώριστος
1319 791 1538 858 eadem
1584 792 2058 883 significatione
2096 804 2192 859 est
2224 798 2534 881 accipien-

326 891 476 957 dum
521 915 646 978 qua
691 891 1095 981 ἀδιαίρετος,
1150 904 1223 961 ut
1277 897 1371 961 his
1429 896 1644 963 verbis
1700 896 1869 962 idem
1924 897 2061 962 fere
2105 897 2274 963 dicat
2315 921 2391 963 ac
2433 921 2535 965 su-

326 1017 442 1083 pra
482 997 648 1061 ⁸36:
703 993 927 1062 πάντα
983 999 1053 1065 δὲ
1103 1000 1314 1064 ταῦτα
1356 1000 1426 1064 ἓν
1468 1004 1562 1084 τῷ
1607 998 1985 1087 ἀδιαίρετον
2028 998 2195 1067 εἶναι
2238 1003 2371 1068 τῶν
2412 1006 2533 1088 μὲν

333 1092 457 1178 τὴν
498 1101 784 1182 κίνησιν,
836 1104 968 1168 τῶν
1012 1102 1082 1168 δὲ
1124 1100 1246 1182 τὴν
1287 1098 1523 1182 νόησιν
1565 1106 1678 1169 καὶ
1720 1099 1839 1171 τὸν
1882 1099 2104 1187 λόγον.
2196 1109 2281 1171 At
2322 1111 2376 1171 si
2418 1128 2532 1173 vo-

325 1201 550 1269 luisset
594 1206 701 1268 Ar.
748 1203 1079 1292 explicare,
1128 1216 1289 1293 quot
1330 1206 1538 1271 modis
1582 1207 1979 1273 individuum
2025 1208 2342 1296 quidpiam
2386 1229 2535 1297 pos-

325 1309 410 1372 sit
451 1306 602 1387 dici,
663 1330 739 1373 ea
797 1308 1133 1397 explicatio
1184 1307 1479 1376 addenda
1525 1322 1662 1376 erat
1706 1311 1785 1376 ad
1832 1304 1909 1377 τὸ
1954 1308 2301 1401 ἀδιαιρέτῳ
2347 1308 2529 1392 εἶναι,

324 1431 461 1476 nou
520 1410 601 1476 ad
660 1406 820 1501 ὅπερ
865 1414 1029 1498 τῷδε
1076 1407 1245 1493 ὄντι,
1303 1435 1570 1500 quorum
1629 1414 1969 1482 verborum
2027 1416 2223 1506 longe
2281 1417 2530 1483 diversa

326 1526 425 1582 est
467 1515 883 1606 significati03
932 1528 1024 1596 et,
1068 1515 1137 1581 id
1181 1519 1357 1603 quod
1400 1522 1835 1607 gravissimum
1882 1530 1994 1600 est,
2044 1517 2406 1609 ἀχάριστος
2448 1542 2533 1587 ne

323 1631 543 1708 potest
598 1620 847 1708 quidem
907 1620 1076 1687 idem
1133 1620 1496 1709 siguificare
1553 1635 1745 1711 atque
1799 1620 2188 1711 ἀδιαίρετος.
2282 1627 2533 1691 Etenim

319 1721 643 1812 χωριστός
687 1729 1006 1791 constanti
1052 1725 1410 1791 Aristotelis
1467 1750 1590 1793 usu
1646 1749 1782 1794 non
1833 1728 2154 1817 significat
2197 1730 2371 1815 quod
2418 1729 2535 1795 di-

321 1828 496 1895 vidi
534 1838 764 1915 potest,
809 1829 923 1895 sed
971 1829 1144 1917 quod
1188 1841 1407 1918 potest
1449 1834 1767 1922 seiungi
1814 1832 1894 1897 ab
1934 1832 2063 1898 alio
2098 1833 2202 1898 vel
2236 1835 2534 1898 exsisten-

324 1937 410 2000 tia
456 1934 564 1999 vel
609 1936 1032 2023 cogitatione,
1073 1942 1148 1999 ut
1191 1956 1332 2020 per
1376 1956 1459 1999 se
1503 1934 1610 2000 vel
1654 1937 1739 2001 sit
1782 1935 1886 2000 vel
1931 1940 2268 2024 cogitetur,
2323 1936 2402 2000 cf.
2450 1935 2533 2000 ad

323 2038 394 2103 E
433 2042 492 2104 l.
542 2041 746 2106 1025b
783 2040 891 2104 28.
956 2038 1164 2103 102601
1205 2040 1277 2116 9,
1338 2041 1523 2124 eique
1582 2040 1948 2126 oppositum
2011 2049 2110 2104 est
2152 2035 2532 2127 ἀχώριστος,

323 2141 479 2208 ibid.
527 2144 738 2209 losse
784 2146 887 2209 14.
981 2142 1054 2206 In
1112 2144 1303 2206 tantis
1361 2143 1590 2208 horum
1647 2141 1986 2208 verborum
2047 2141 2533 2209 difficultatibus

323 2267 459 2312 non
502 2246 756 2313 videtur
800 2245 1188 2335 negligenda
1234 2268 1374 2311 esse
1415 2246 1610 2313 lectio
1658 2245 1801 2312 cod.
1849 2245 1962 2334 Ab,
2020 2269 2205 2333 quam
2266 2245 2532 2311 eandem

324 2350 495 2437 apud
536 2350 957 2418 Alexandrum
1000 2374 1062 2438 p.
1087 2354 1236 2429 578,
1264 2351 1354 2415 28
1399 2372 1473 2416 ex
1504 2350 1765 2438 Sepulv.
1811 2353 2032 2438 putavi
2075 2349 2533 2416 restituendam

259 2446 274 2455 ⁴
325 2476 494 2533 esse,
560 2456 735 2540 ἰδίᾳ
785 2457 1158 2540 χωριστῷ
1216 2453 1567 2523 exhibentis
1626 2477 1750 2543 pro
1801 2452 2161 2542 ἀχωρίστῳ.
2251 2455 2435 2519 Hanc
2478 2457 2534 2519 si

323 2543 699 2647 probav‘eris
745 2559 1103 2637 lectionem,
1147 2559 1273 2626 boc
1316 2557 1641 2626 videbitur
1671 2560 1779 2626 Ar.
1825 2558 2067 2626 dicere:
2114 2560 2373 2624 unitatis
2418 2579 2535 2623 no-

325 2667 419 2730 tio
464 2667 530 2730 in
571 2663 899 2729 individua
941 2666 1220 2729 cernitur
1255 2673 1514 2740 natura;
1560 2664 1676 2728 sed
1713 2684 1848 2728 non
1885 2666 2023 2751 ipsa
2061 2667 2270 2729 unitas
2308 2672 2535 2727 natura

324 2778 392 2833 et
436 2771 708 2833 essentia
755 2778 853 2832 est
899 2771 1033 2833 eius
1078 2766 1255 2854 quod
1300 2765 1530 2832 dicitur
1575 2789 1769 2834 unum
1825 2770 2051 2853 (quam
2098 2770 2534 2854 quaestionem

321 2872 581 2937 uberius
627 2894 764 2959 cap.
795 2873 839 2938 2
883 2870 1189 2936 adversus
1218 2871 1669 2959 Pythagoreos
1702 2858 1783 2936 'et
1824 2870 2199 2964 Platonicos
2247 2873 2538 2951 excutit),

320 2974 438 3041 sed
469 2973 753 3041 subiecta
786 2978 843 3040 ei
877 2986 975 3040 est
1005 2984 1174 3041 certa
1207 2996 1282 3040 ac
1311 2973 1574 3039 definita
1604 2973 1973 3054 substantia,
2010 2975 2163 3040 hoc
2196 2974 2536 3060 aliquid,

324 3073 486 3165 ὅπερ
529 3079 696 3162 τῷδε
743 3072 901 3158 ὄντι,
948 3089 1013 3145 et
1056 3101 1133 3145 ea
1177 3077 1430 3166 quidem
1470 3101 1589 3166 per
1625 3101 1696 3145 se
1735 3082 2060 3159 exsistens,
2104 3081 2385 3144 seiuncta
2431 3076 2538 3143 vel

321 3182 474 3247 loco
534 3193 600 3247 et
657 3186 1017 3249 exsistentia
1073 3182 1180 3249 vel
1237 3193 1410 3248 certe
1455 3186 1751 3262 notione,
1808 3185 1921 3248 καὶ
1966 3183 2105 3268 ἰδίᾳ
2143 3185 2448 3269 χωριστῷ
2490 3174 2536 3262 ἢ

321 3282 504 3370 τόπῳ
533 3278 578 3367 ἢ
607 3285 759 3352 εἴδει
786 3279 833 3367 ἢ
862 3288 1146 3372 διανοίᾳ.
1170 3324 1250 3338 -
1281 3288 1593 3352 Extremis
1624 3297 1833 3353 autem
1862 3287 2077 3352 verbis
2109 3286 2533 3354 definitionis:

241 3439 252 3456 .
321 3382 369 3470 ἦ
411 3392 526 3455 καὶ
565 3390 661 3473 τῷ
704 3386 836 3475 ὅλῳ
879 3394 992 3457 καὶ
1036 3388 1401 3478 ἀδιαιρέτῳ,
1446 3390 1600 3476 quid
1631 3391 1852 3455 faciam
1883 3411 2018 3456 non
2047 3375 2261 3455 video.
2338 3392 2538 3456 Parti-

324 3492 469 3558 cula
497 3495 612 3558 καί
639 3497 858 3582 priore
888 3496 1055 3574 loco,
1086 3497 1198 3560 καὶ
1227 3495 1321 3578 τῷ
1348 3489 1500 3577 ὅλῳ,
1530 3516 1722 3580 quum
1752 3498 1822 3559 in
1853 3492 2104 3558 duobus
2130 3492 2328 3558 modo
2357 3492 2537 3558 libris

320 3600 605 3666 incertae
640 3596 797 3664 fidei
826 3597 1091 3688 legatur,
1134 3597 1293 3662 nihil
1319 3617 1710 3684 magnopere
1742 3597 1959 3663 obstat
1989 3600 2138 3683 quin
2177 3617 2316 3661 eam
2356 3600 2538 3662 omit-

322 3709 558 3777 tamus3
603 3712 934 3789 praeterea
964 3703 1239 3768 fortasse
1281 3723 1354 3767 ea
1389 3701 1751 3788 corruptela
1784 3699 1976 3766 verba
2010 3698 2341 3765 liberanda
2372 3711 2539 3780 sunt,

324 3826 489 3892 quae
518 3808 886 3893 saepissime
916 3827 954 3870 a
982 3805 1256 3872 librariis
1288 3807 1620 3871 commissa
1653 3815 1750 3871 est
1778 3826 1970 3892 quum
1998 3805 2094 3887 τῷ
2118 3825 2239 3892 pro
2268 3800 2347 3869 τό
2388 3807 2538 3868 scri·

322 3907 568 3989 herent,
615 3920 686 3977 ut
718 3908 1059 3999 legendum
1093 3913 1202 3976 sit:
1246 3902 1293 3990 ἢ
1321 3903 1398 3975 τὸ
1430 3904 1565 3993 ὅλῳ
1593 3910 1707 3974 καὶ
1736 3906 2102 3995 ἀδιαιρέτῳ,
2137 3909 2198 3972 h.
2228 3928 2282 3973 e.
2322 3899 2403 3971 τὸ
2440 3907 2540 3974 ἑνὶ

324 4010 493 4092 ᾷῖναι
535 4008 612 4079 τὸ
659 4010 1008 4101 ἀδιαιρέτῳ
1046 4016 1226 4081 ἐστὶν
1264 4008 1431 4081 εἶναι
1468 4015 1623 4091 κτλ,
1669 4006 1713 4094 ἢ
1749 4006 1826 4077 τὸ
1866 4008 1999 4096 ὅλῳ
2034 4013 2148 4077 καὶ
2188 4008 2538 4099 ἀδιαιρέτῳ

320 4137 410 4181 sc.
457 4113 641 4197 εἶναι,
683 4117 747 4182 h.
780 4138 836 4182 e.
883 4121 1021 4184 sive
1063 4121 1248 4185 notio
1294 4120 1557 4183 unitatis
1602 4120 1670 4182 in
1718 4138 1798 4182 eo
1846 4119 2153 4194 consistit,
2207 4115 2382 4204 quod
2428 4114 2540 4180 ali-

323 4219 476 4306 quid
520 4231 722 4287 totum
770 4229 870 4286 est
913 4233 980 4287 et
1021 4222 1437 4288 individuum.
1517 4217 1750 4300 Ὄλον,
1793 4230 1999 4287 totum
2048 4230 2112 4286 et
2155 4218 2536 4299 absolutum,

325 4323 502 4412 quod
543 4325 700 4390 nihil
732 4334 1066 4412 praeterea
1101 4324 1364 4392 aliunde
1400 4327 1670 4412 requirit
1712 4324 1836 4408 (cf.
1876 4328 1931 4391 Δ
1959 4327 2102 4404 26),
2146 4322 2316 4388 idem
2356 4329 2538 4401 esset,

324 4428 501 4514 quod
545 4441 731 4495 antea
775 4427 990 4495 verbis
1028 4423 1358 4515 χωριστὸν
1398 4423 1446 4509 ἢ
1488 4425 1670 4514 τόπῳ
1712 4430 1848 4509 κτλ.
1905 4428 2166 4495 uberius
2213 4428 2537 4512 exposuit;

322 4529 486 4597 haec
526 4536 722 4623 igitur
763 4533 960 4600 verba
1001 4531 1283 4614 eandem,
1332 4554 1515 4620 quam
1556 4541 1745 4599 antea
1785 4531 2073 4619 pluribus
2112 4529 2397 4596 exhibuit
2432 4527 2543 4594 de·-

411 4638 616 4694 Aristot.
643 4640 863 4711 metaph.
889 4641 970 4693 ed.
994 4640 1179 4695 Bonita
1200 4640 1315 4694 Vol.
1338 4641 1403 4693 H.
2064 4637 2135 4690 27
