3109 5175
591 365 732 441 114
1430 367 1510 437 A
1556 362 1629 437 9.
1704 361 1935 436 991⁶.

587 553 662 608 ut
704 540 1197 629 vulgatissimam
1243 560 1451 626 neque
1495 536 1613 604 ulli
1656 537 1881 604 lectori
1926 539 2211 625 ignotam
2247 533 2610 623 significare
2640 537 2799 600 omi·

589 650 689 725 sit,
734 649 905 731 ipsas
948 643 1126 708 ideas
1173 665 1314 708 esse
1357 639 1762 708 substantias.
1834 642 1966 706 Iam
2010 644 2062 704 si
2098 626 2571 726 ¹'participantur
2596 638 2798 716 ideae,

595 771 670 814 ea
715 749 1138 835 participatio,
1185 749 1480 833 quoniam
1526 744 1720 809 rebus
1763 743 2169 810 sensibilibus
2213 743 2439 808 tribuit
2480 755 2551 807 ut
2576 742 2645 808 id
2673 745 2800 807 sint

589 851 767 938 quod
810 861 976 930 sunt,
1019 850 1283 936 simplex
1329 871 1469 914 esse
1516 848 1711 914 debet
1748 859 1814 913 et
1849 847 2295 926 substantialis,
2337 867 2473 911 non
2507 845 2801 911 acciden-

593 955 766 1034 talis»,
823 955 884 1019 h.
931 977 986 1019 e.
1041 952 1226 1018 ideae
1281 956 1764 1041 participantur,
1823 963 2131 1038 quatenus
2186 962 2337 1017 sunt
2389 949 2799 1028 substantiae,

593 1080 729 1125 non
774 1069 1085 1144 quatenus
1131 1056 1305 1122 aliud
1351 1057 1519 1143 quid,
1565 1056 1763 1121 veluti
1810 1059 2168 1135 aeternitas,
2211 1058 2287 1120 iis
2330 1053 2576 1118 accidit.
2644 1054 2799 1134 (δεῖ,

594 1165 708 1226 int.
752 1155 839 1226 τὰ
881 1158 1047 1227 καθ’
1088 1166 1331 1227 ἕκαστα
1372 1162 1486 1225 καὶ
1530 1152 1863 1238 αἰσθητά,
1908 1153 2110 1248 ταύτῃ
2151 1153 2459 1234 ἑκάστου,
2506 1160 2621 1221 int.
2665 1158 2797 1221 τῶν

596 1266 802 1343 εἰδῶν,
844 1268 1148 1351 μετέχειν,
1190 1254 1248 1352 ᾗ,
1290 1266 1404 1328 int.
1451 1259 1527 1329 τὸ
1574 1256 2006 1346 μετεχόμενον
2047 1264 2185 1326 sive
2220 1258 2264 1340 ἡ
2302 1262 2460 1338 ἰδέα,
2504 1253 2597 1343 μὴ
2626 1255 2792 1323 καθ’

592 1367 1018 1454 ὑποκειμένου
1060 1369 1312 1450 λέγεται
1355 1370 1396 1431 i.
1435 1388 1490 1431 e.
1533 1357 1575 1455 ᾗ
1622 1362 1815 1432 οὐσία
1859 1366 2037 1429 ἐστὶν
2079 1361 2226 1429 ἀλλ’
2266 1361 2346 1430 οὐ
2388 1357 2802 1447 συμβεβηκὸς

596 1470 796 1555 οὐσίᾳ
836 1474 984 1549 τινί,
1025 1471 1106 1534 cl'-
1154 1469 1236 1535 de
1281 1468 1552 1534 formula
1599 1466 1765 1533 καθ’
1801 1465 2228 1552 ὑποκειμένου
2271 1468 2591 1552 λέγεσθαι
2633 1467 2698 1532 Β
2735 1469 2800 1532 5.

599 1577 803 1640 lomb
838 1576 946 1639 31.
1006 1575 1061 1639 A
1087 1576 1149 1638 8.
1197 1575 1400 1639 10171»
1427 1575 1530 1637 13.
1589 1571 1734 1638 Cat.
1766 1573 1827 1637 5.
1867 1575 1949 1646 2⁴¹
1976 1573 2079 1636 11.
2166 1573 2241 1636 ln
2288 1583 2561 1636 extrema
2607 1591 2802 1636 enun-

598 1680 746 1743 ciati
781 1687 963 1763 parte
1001 1668 1042 1765 ᾖ
1074 1714 1156 1729 -
1186 1677 1443 1760 λέγεται
1485 1674 1845 1740 addendum
1893 1695 2033 1740 esse
2074 1674 2344 1739 subiecti
2385 1674 2538 1739 loco
2576 1668 2654 1740 τὰ
2688 1696 2803 1758 με·

595 1777 979 1869 τεχόμενον,
1035 1802 1110 1844 ac
1152 1800 1289 1845 non
1330 1772 1410 1843 τὸ
1454 1782 1755 1865 μετέχον,
1812 1777 1986 1864 quod
2028 1777 2401 1866 Schwegler
2440 1777 2672 1856 voluit,
2717 1797 2799 1842 eo

598 1883 891 1972 exemplo
937 1882 1362 1961 confirmatur,
1406 1880 1581 1969 quod
1628 1880 1861 1946 deinde
1907 1880 2123 1961 affert,
2164 1875 2244 1946 τὸ
2287 1876 2804 1948 αὐτοδιπλάσιον

595 1989 961 2076 participari
996 2009 1033 2051 a
1077 1986 1270 2052 rebus
1316 1983 1742 2064 sensibilibus,
1786 1995 2096 2071 quatenus
2143 1994 2240 2050 est
2282 1980 2630 2051 διπλάσιον
2670 1987 2714 2048 i.
2745 2006 2801 2049 e.

599 2103 909 2179 quatenus
941 2100 1038 2156 est
1064 2091 1430 2167 substantia,
1471 2110 1605 2153 non
1637 2098 1947 2174 quatenus
1975 2100 2074 2152 est
2106 2098 2449 2167 aeternum,
2485 2091 2529 2153 i.
2562 2110 2618 2153 e.
2656 2109 2804 2173 qua-

596 2206 784 2260 tenus
829 2192 1064 2279 aliquid
1107 2193 1294 2258 ideae
1336 2190 1649 2278 tamquam
1692 2189 2092 2275 ὑποκειμένῳ
2134 2186 2549 2277 συμβεβηκός
2585 2190 2805 2255 tribui-

598 2301 765 2378 tur.)
833 2295 992 2360 Inde
1021 2294 1312 2373 efficitur,
1355 2306 1427 2360 ut
1460 2316 1622 2381 quae
1650 2298 2032 2382 participant
2058 2294 2251 2373 ideas,
2296 2298 2596 2381 quoniam
2625 2292 2803 2357 ideas

596 2410 672 2465 ut
714 2399 1097 2464 substantias
1141 2400 1550 2485 participant,
1611 2419 1687 2462 ea
1745 2409 1811 2462 et
1865 2403 2003 2484 ipsa
2048 2399 2534 2464 substantiarum
2578 2401 2647 2463 in
2689 2419 2806 2462 nu-

597 2523 778 2567 mero
823 2505 967 2566 sint.
1015 2538 1097 2553 —
1157 2503 1345 2566 Hunc
1388 2499 1809 2566 ratiocinandi
1851 2499 2141 2567 ordinem
2185 2505 2239 2566 si
2283 2514 2486 2581 recte,
2536 2522 2806 2566 consen-

598 2612 766 2673 tiens
811 2629 952 2672 cum
998 2603 1364 2678 Alexandro
1409 2604 1490 2670 ad
1536 2606 1596 2670 h.
1643 2605 1716 2683 l.,
1762 2610 2042 2692 exposui,
2087 2605 2567 2672 conclusionem
2612 2628 2807 2691 appa-

598 2721 700 2775 ret
742 2730 876 2774 non
923 2729 1063 2774 esse
1105 2728 1302 2795 posse
1345 2703 1499 2774 ὥστ’
1539 2709 1727 2774 ἔσται
1771 2707 2016 2775 οὐσία
2058 2704 2144 2774 τοὶ
2186 2707 2328 2788 εἴδη
2364 2711 2511 2788 ⁶34,
2554 2709 2670 2776 sed
2699 2708 2807 2775 vel

599 2809 753 2879 ὥστ’
792 2814 976 2878 ἔσται
1032 2809 1333 2878 οὐσιῶν
1389 2808 1474 2876 τὰ
1530 2810 1670 2893 εἴδη
1725 2813 1833 2878 vel
1876 2824 2049 2878 certe
2094 2809 2248 2879 ὥστ’
2288 2815 2477 2880 ἔσται
2516 2809 2806 2890 οὐσίας

598 2911 684 2982 τὰ
730 2914 888 2994 εἴδη.
962 2913 1306 3002 Vulgatam
1351 2913 1693 2982 lectione·
1739 2915 1889 2981 licet
1933 2917 2364 2983 confirmatam
2412 2920 2689 2983 omnium
2733 2916 2807 2981 li-

598 3020 862 3085 brorum
924 3023 1300 3083 auctoritate
1355 3040 1489 3084 non
1546 3019 1757 3085 babeo
1818 3019 2145 3107 quomodo
2204 3019 2570 3097 defendam3
2627 3021 2803 3087 ideas

601 3125 770 3187 enim
811 3126 982 3207 ipsas
1027 3142 1168 3185 esse
1212 3119 1598 3187 substantias
1641 3144 1852 3210 neque
1896 3126 2173 3190 instituit
2202 3124 2636 3190 demonstrare
2666 3126 2804 3189 Ari-

597 3223 893 3303 stoteles,
952 3227 1101 3310 quia
1152 3223 1220 3288 id
1277 3224 1528 3310 quidem
1588 3229 1755 3291 inter
1798 3248 2020 3293 omnes
2064 3232 2395 3308 convenit,
2453 3249 2693 3314 neque,
2746 3229 2801 3292 si

597 3328 910 3393 voluisset
954 3325 1417 3408 demonstrare,
1463 3352 1539 3395 ex
1585 3333 1914 3417 superiore
1958 3341 2213 3417 poterat
2255 3333 2803 3418 argumentatione

600 3430 886 3509 efficere,
945 3452 1107 3516 quae
1164 3431 1246 3497 ad
1289 3435 1602 3498 rationem
1645 3432 1823 3499 ideas
1867 3437 2034 3499 inter
2077 3444 2144 3499 et
2185 3455 2288 3499 res
2333 3435 2668 3501 sensibiles
2710 3437 2805 3499 in·

598 3533 1028 3600 tercedentem
1059 3538 1364 3622 pertinen
1397 3558 1581 3622 quam
1613 3548 1820 3601 autem
1851 3540 2159 3623 proposui
2191 3542 2634 3618 coniecturam,
2664 3560 2801 3603 eam

599 3638 978 3703 confirmare
1022 3637 1277 3703 videtur
1304 3639 1483 3704 Alex.
1531 3661 1593 3725 p.
1625 3643 1729 3718 66,
1773 3642 2038 3706 9-30.
2084 3645 2189 3721 69,
2217 3645 2279 3710 3.
2312 3679 2395 3694 --
2441 3644 2664 3708 Potest
2698 3664 2805 3707 au—

598 3752 723 3807 tem
770 3745 957 3807 etiam
998 3753 1152 3827 post
1195 3742 1360 3807 hanc
1401 3745 1971 3823 ratiocinationem,
2016 3767 2138 3831 qua
2177 3746 2664 3811 substantiarum
2701 3767 2806 3812 so-

596 3843 728 3910 lum
761 3844 946 3910 ideae
979 3865 1120 3909 esse
1157 3844 1687 3925 demonstrantur,
1723 3846 1931 3933 aliqua
1964 3869 2295 3915 remanere
2328 3849 2674 3926 dubitatio;
2710 3853 2807 3914 ni-

597 3950 819 4011 mirum
865 3945 1089 4012 dixerit
1130 3950 1437 4034 quispiam
1471 3948 1644 4014 aliud
1682 3950 1876 4016 ideali
1914 3955 1978 4017 in
2018 3952 2256 4018 mundo
2300 3958 2470 4034 (ἐκεῖ
2508 3956 2677 4019 991⁰
2704 3954 2802 4032 l),

598 4048 773 4113 aliud
829 4050 1236 4117 sensibilibus
1291 4055 1355 4117 in
1413 4053 1607 4118 rebus
1652 4056 2001 4136 (ἐνταῦθα
2036 4058 2205 4137 1134)
2251 4056 2614 4144 significare
2659 4056 2804 4122 sub-

579 4155 919 4238 ‚stantiam3
975 4152 1150 4239 quod
1207 4158 1262 4219 si
1317 4156 1659 4241 probetur,
1715 4156 1866 4223 licet
1920 4159 2107 4226 ideae
2159 4172 2224 4226 et
2265 4164 2395 4226 sint
2433 4164 2611 4247 ipsae
2654 4160 2806 4244 sub-

598 4259 870 4321 stantiae
913 4266 979 4321 et
1018 4259 1481 4344 participentur
1519 4269 1595 4323 ut
1641 4261 2059 4344 substantiae,
2112 4265 2400 4331 nondum
2454 4262 2608 4329 inde
2666 4262 2805 4327 effi-

600 4363 790 4438 citur,
835 4371 908 4424 ut
951 4381 1025 4424 ea
1070 4381 1325 4447 quoque
1366 4363 1748 4429 substantias
1792 4387 1933 4431 esse
1979 4377 2302 4454 oporteat,
2361 4388 2629 4455 quorum
2674 4371 2803 4432 sint

601 4460 805 4528 ideae.
878 4464 1063 4529 Hanc
1102 4463 1561 4533 dubitationem
1607 4491 1797 4555 quum
1843 4472 2116 4535 eximant
2155 4472 2350 4537 verba
2394 4474 2681 4559 proxima
2713 4482 2802 4536 at-
