3109 5175
565 365 710 441 474
1391 371 1471 442 Λ
1517 366 1589 440 2.
1673 368 1862 442 1069
1876 367 1940 441 b.

566 546 901 630 proposui:
951 539 1100 608 ἀλλ’
1137 548 1375 630 ἕτερα
1417 547 1738 632 ἑτέραν,
1780 545 1988 611 schw.
2034 544 2114 608 ad
2161 545 2221 608 h.
2253 541 2297 609 l.
2341 546 2766 609 necessarium

566 669 701 713 non
747 668 889 712 esse
933 656 1129 733 putat,
1177 650 1320 732 quia
1376 653 1596 734 ἕτερον
1637 650 1842 735 ipsum
1885 672 2003 736 per
2046 671 2119 714 se
2160 647 2481 736 significet
2523 651 2768 713 varium

568 749 674 815 vel
704 749 1014 816 diversum
1052 754 1205 832 (uia
1240 751 1382 819 sicli
1411 751 1848 834 verschieden,
1881 752 2579 837 machedum-133⁸).
2633 750 2766 818 Sed

569 876 728 940 quos
764 855 845 919 ad
882 854 1375 922 confirmandam
1413 879 1552 922 eam
1586 857 2114 945 significationem
2148 857 2338 921 affert
2369 855 2556 921 locos
2588 856 2660 921 A
2698 858 2765 921 9.

566 960 728 1025 991⁶
759 962 861 1024 10.
917 959 1006 1024 Η
1030 963 1089 1025 4.
1131 962 1340 1026 1044α
1367 962 1473 1026 30.
1537 961 1587 1025 Ι
1612 963 1675 1026 9.
1716 963 1920 1029 10581·
1949 964 2063 1042 16,
2114 964 2160 1026 ii
2202 983 2425 1048 parum
2468 958 2771 1025 videntur

567 1062 790 1128 idonei
834 1083 990 1128 esse.

700 1169 777 1249 c)
816 1169 1162 1233 1126-32.
1256 1166 1459 1233 Aliam
1516 1171 1680 1232 viam
1725 1168 2094 1235 brevissime
2141 1180 2208 1234 et
2247 1168 2644 1235 subobscure
2688 1171 2770 1234 si-

569 1272 856 1360 guificat,
902 1296 1022 1358 qua
1069 1293 1148 1337 eo
1194 1275 1663 1358 perveniamus,
1710 1284 1782 1338 ut
1828 1296 1903 1338 ex
1945 1275 2225 1353 materia,
2272 1294 2433 1359 quae
2477 1274 2771 1359 potentia

570 1375 805 1462 aliquid
854 1391 964 1455 est,
1009 1399 1140 1441 rem
1181 1387 1328 1441 actu
1363 1381 1761 1442 exsistentem
1794 1377 1937 1443 fieri
1974 1377 2419 1465 intelligamus.
2489 1375 2564 1441 Id
2593 1374 2773 1461 quod

571 1479 647 1544 fit
687 1479 830 1544 fieri
874 1503 948 1546 ex
993 1493 1324 1547 non-ente
1370 1503 1490 1567 pro
1537 1504 1847 1548 concesso
1883 1493 2186 1569 ponatur3
2230 1484 2351 1546 iam
2384 1491 2514 1544 tres
2549 1479 2775 1544 distin-

570 1597 848 1672 guantur
881 1589 1231 1650 non-entis
1267 1584 1799 1672 significationes;
1844 1587 1994 1652 inde
2032 1590 2217 1652 unice
2256 1607 2410 1675 eam,
2446 1607 2609 1671 quae
2644 1606 2776 1649 ma·

571 1691 790 1754 teriam
833 1692 1124 1775 potentia
1167 1693 1532 1755 instructam
1568 1690 1849 1772 denotat,
1895 1690 1975 1756 ad
2017 1688 2448 1778 explicandam
2479 1692 2776 1754 mutatio-

571 1815 716 1858 nem
751 1791 1047 1859 idoneam
1083 1815 1220 1859 esse
1252 1794 1604 1880 apparebit.
1671 1796 1855 1861 Hanc
1884 1795 2359 1861 conclusionem
2393 1792 2775 1858 divinationi

572 1900 770 1987 magis
805 1897 1151 1987 legentium
1188 1901 1488 1985 permittit
1529 1901 1625 1977 (sl
1664 1893 1747 1979 δή
1786 1901 1851 1964 τί
1888 1904 2025 1964 ἐστι
2062 1895 2331 1984 δυνάμει
2370 1899 2539 1979 ὂ28)
2585 1920 2775 1984 quam

573 2002 807 2069 diserte
852 2001 1148 2089 explicat,
1208 2024 1331 2067 nec
1381 2025 1537 2088 quas
1580 2003 1737 2069 velit
1782 2025 1921 2068 esse
1967 2014 2098 2068 tres
2142 2004 2488 2068 nontentis
2532 2000 2778 2089 signifi-

573 2111 858 2173 cationes
895 2110 1173 2193 exponit.
1251 2107 1635 2172 Tbemistius
1674 2131 1738 2193 p.
1769 2108 1813 2171 3
1851 2108 2010 2172 haec
2042 2106 2261 2172 habet:
2307 2107 2628 2171 Non-ens
2665 2129 2779 2170 au-

574 2223 698 2277 tem
743 2210 944 2276 tribus
987 2209 1193 2275 modis
1239 2209 1496 2290 dicitur,
1542 2232 1672 2276 uno
1720 2210 1915 2277 modo
1962 2209 2135 2297 quod
2179 2214 2433 2298 penitus
2478 2230 2613 2274 non
2661 2222 2777 2289 est,
2846 2277 2857 2288 ,

574 2316 779 2381 altero
825 2325 895 2379 ut
933 2317 1207 2400 privatio
1250 2318 1344 2379 rei
1389 2327 1569 2384 ortae
1615 2319 1945 2401 opposita,
2003 2319 2192 2381 tertio
2251 2313 2426 2401 quod
2485 2316 2777 2400 potentia

575 2430 693 2485 est.
764 2417 1123 2484 Alexander
1165 2417 1340 2504 quod
1387 2417 1468 2482 de
1514 2422 1713 2504 prima
1757 2442 1833 2484 ac
1876 2423 2061 2484 tertia
2106 2418 2575 2507 significatione
2621 2439 2778 2484 con-

575 2527 783 2603 sentit,
821 2544 943 2611 pro
974 2521 1253 2588 secunda
1285 2532 1491 2589 autem
1523 2526 1707 2610 ponit
1734 2519 1811 2590 τὸ
1841 2516 1933 2608 μὴ
1964 2515 2044 2591 ὂν
2075 2520 2160 2601 ὠς
2189 2523 2436 2614 ψεῦδος
2463 2524 2693 2609 12647,
2714 2525 2776 2602 6,

575 2634 808 2695 rectius
849 2627 1164 2694 iudicasse
1206 2626 1526 2692 videbitur
1569 2628 1924 2694 conferenti
1968 2630 2030 2693 Θ
2066 2630 2169 2693 10.
2210 2629 2421 2694 10516
2449 2629 2560 2693 34.
2613 2630 2692 2694 Ν
2712 2630 2777 2693 2.

580 2736 791 2800 10896
816 2735 922 2799 26.
967 2733 1037 2797 ,Ε
1056 2734 1118 2796 2.
1162 2734 1373 2797 10264
1402 2735 1507 2798 32.
1554 2771 1643 2782 —-
1687 2731 1816 2798 Sed
1862 2736 1918 2797 si
1964 2743 2213 2798 constat
2257 2734 2469 2797 omnia
2514 2730 2657 2796 fieri
2703 2752 2780 2796 ex

578 2840 867 2917 materia,
922 2848 1130 2903 tamen
1173 2859 1310 2903 non
1354 2858 1391 2901 e
1437 2836 1719 2923 qnalibet
1760 2840 2019 2902 materia
2065 2834 2375 2922 quidlibet
2418 2846 2780 2924 generatur,

581 2952 647 3008 et
703 2953 942 3022 errant,
997 2946 1103 3029 qui
1160 2940 1528 3027 simpliciter
1587 2946 1797 3027 posita
1853 2944 2114 3007 materia
2170 2944 2444 3025 itemque
2494 2939 2782 3028 simplice

582 3069 799 3125 causa,
858 3069 1021 3132 qnae
1078 3046 1396 3112 discernat
1450 3048 1804 3124 materiam,
1858 3067 2066 3110 rerum
2112 3047 2479 3110 varietatem
2525 3045 2646 3109 sibi
2689 3048 2783 3108 vi-

584 3150 817 3214 dentur
862 3150 1255 3235 explicuisse.
1335 3148 1557 3213 Veluti
1603 3151 1671 3212 in
1718 3149 2134 3237 Anaxagorae
2181 3146 2488 3225 doctrina,
2533 3146 2783 3233 qualem

585 3252 969 3319 Aristoteles
1016 3262 1186 3317 certe
1228 3251 1450 3338 paullo
1496 3263 1643 3317 ante
1681 3252 2078 3342 significavit,
2122 3255 2177 3316 si
2215 3274 2337 3318 una
2377 3262 2475 3317 est
2504 3256 2784 3331 materia,

585 3379 712 3423 una
768 3379 946 3422 mens
1003 3379 1164 3443 quae
1222 3378 1360 3421 eam
1419 3355 1711 3435 definiat,
1769 3378 1902 3423 non
1957 3359 2330 3423 universitas
2374 3378 2611 3436 rerum,
2668 3356 2787 3422 sed

587 3464 773 3527 unice
808 3466 1013 3526 ἐκεῖνο
1053 3463 1305 3545 ἐγένετο
1345 3464 1636 3546 ἐνεργείᾳ
1675 3450 1766 3527 οὗ
1799 3460 1843 3541 ἡ
1877 3456 2000 3540 ὕλη
2035 3451 2121 3540 ἦν
2156 3456 2429 3545 δυνάμει
2463 3463 2589 3526 ὂ31
2627 3463 2788 3544 (nisi

585 3570 799 3652 potius
827 3564 1230 3631 scribendum
1262 3574 1382 3663 est:
1426 3558 1464 3630 ὃ
1504 3562 1545 3645 ἡ
1578 3560 1701 3645 ὕλη
1736 3556 1821 3645 ἦν
1855 3560 2143 3649 δυνάμει,
2178 3567 2463 3649 quamvis
2495 3575 2560 3630 et
2594 3563 2786 3630 codd.

589 3682 653 3736 et
698 3671 873 3736 Alex.
917 3672 1161 3745 invitis3
1215 3667 1476 3756 vulgata
1536 3672 1703 3733 enim
1761 3668 1953 3734 verba
2013 3689 2147 3733 non
2205 3669 2399 3734 video
2458 3667 2786 3755 quomodo

589 3777 876 3840 construi
918 3776 1321 3861 grammatice
1365 3775 1673 3857 possint).
1751 3775 1983 3839 Forma
2028 3776 2191 3838 enim
2232 3773 2341 3838 ubi
2380 3794 2505 3838 una
2544 3771 2790 3837 eadem-

591 3901 714 3965 que
774 3889 901 3956 est,
955 3878 1290 3942 diversitas
1347 3876 1695 3962 repetenda
1752 3887 1850 3943 est
1902 3900 1939 3943 e
1985 3880 2270 3958 materia,
2327 3879 2389 3943 8.
2436 3878 2646 3942 1074:
2681 3878 2788 3943 33.

595 3985 655 4047 Ζ
683 3984 745 4049 8.
784 3984 995 4047 10340
1027 3984 1087 4047 7.
2581 3970 2587 3980 ’

725 4087 807 4165 d)
844 4087 1181 4151 ⁶32—34.
1247 4086 1342 4150 Ex
1376 4088 1674 4150 universa
1709 4086 1897 4150 huius
1928 4088 2149 4173 capitis
2179 4084 2612 4172 disputatione
2641 4103 2794 4148 con·

596 4189 795 4256 cludit
836 4193 957 4255 tria
1003 4212 1142 4255 esse
1186 4211 1392 4255 rerum
1438 4187 1830 4254 mutabilium
1883 4191 2223 4277 principia,
2279 4189 2566 4255 formam‘
2590 4190 2795 4275 priva-

595 4298 833 4360 tionem
877 4297 1230 4369 materiam3
1274 4294 1351 4358 cf.
1382 4292 1575 4378 Phys.
1607 4294 1637 4357 Ι
1671 4294 1714 4359 6
1747 4314 1881 4380 sqq.
