3109 5175
1168 415 1248 484 Λ
1299 409 1367 484 7.
1451 411 1721 486 107211.
2400 415 2546 489 499

340 587 587 650 stinctis
646 586 903 650 unitatis
958 593 1022 649 et
1064 585 1481 672 simplicitatis
1526 587 1899 654 notionibus
1943 591 2273 654 transitum
2314 594 2543 656 muniri

343 697 608 775 apparet
664 688 747 753 ad
804 687 1296 774 disputationem
1358 693 1577 777 capitis
1634 694 1861 756 octavi.
1907 730 1995 741 —
2052 690 2276 759 Altero
2335 702 2543 759 autem

341 791 510 872 loco,
551 792 813 870 bl-3,
857 791 984 856 boc
1026 794 1362 859 manifesto
1411 794 1630 873 docet,
1690 816 1831 859 esse
1877 790 1954 859 τὸ
2000 784 2083 860 οὗ
2124 800 2312 862 ἕνεκα
2358 800 2543 863 etiam

338 899 406 960 in
451 894 816 960 substantiis
860 895 1311 975 immobilibus,
1354 896 1420 962 id
1468 896 1642 984 quod
1678 901 1956 985 negavit,
2000 896 2331 965 dialectice
2367 902 2545 965 nimi-

338 1021 474 1064 rum
522 997 868 1085 disputans,
912 997 981 1064 B
1022 1001 1083 1064 2.
1128 1003 1297 1066 9960
1324 1002 1431 1066 27.
1522 1002 1684 1066 Esse
1729 1012 1937 1066 autem
1982 1004 2049 1066 in
2092 1003 2285 1068 rebus
2328 1009 2546 1068 immo-

339 1102 591 1180 bilibus,
635 1105 739 1180 ait,
782 1100 826 1182 ἡ
872 1103 1187 1188 διαίρεσις
1232 1105 1439 1184 δηλοῖ.
1533 1105 1755 1169 Potest
1797 1105 2095 1190 profecto
2140 1102 2183 1185 ἡ
2231 1106 2545 1190 διαίρεσις

338 1204 709 1292 simpliciter
751 1208 837 1270 ita
877 1209 1080 1292 accipi
1118 1218 1186 1272 ut
1219 1206 1537 1295 significet
1564 1207 2035 1273 distinctionem
2066 1212 2352 1274 notionis
2384 1213 2545 1275 eius·

339 1331 462 1395 que
506 1313 573 1373 in
619 1329 730 1373 sua
777 1329 1014 1396 genera
1063 1309 1438 1376 divisionem
1484 1310 1608 1389 (cf.
1640 1312 1705 1374 Z
1732 1313 1835 1378 12.
1869 1313 2073 1378 10370
2096 1314 2159 1378 8.
2206 1313 2417 1378 10380
2441 1313 2547 1392 24,

337 1413 444 1477 34.
477 1411 631 1493 al.);
688 1413 740 1474 si
787 1410 1172 1491 distinxeris,
1234 1416 1322 1478 ait
1367 1416 1504 1492 Ar„
1567 1413 1698 1479 duo
1756 1418 1876 1481 τοῦ
1933 1406 2015 1481 οὗ
2057 1419 2243 1482 ἕνεκα
2288 1436 2546 1503 genera,

338 1514 495 1579 illud
543 1517 727 1579 etiam
768 1514 1197 1581 immobilibus
1234 1519 1301 1579 in
1335 1516 1526 1581 rebus
1561 1521 1773 1582 inesse
1807 1522 2107 1605 reperies.
2173 1518 2305 1584 Sed
2341 1517 2544 1583 multo

337 1616 741 1683 verisimilius
786 1641 926 1684 cum
961 1617 1323 1684 Alexandro
1363 1642 1425 1705 p.
1456 1622 1605 1697 669,
1644 1622 1734 1685 28
1778 1620 2140 1706 putabimus
2184 1642 2326 1686 voc.
2374 1622 2546 1686 διαί-

337 1742 512 1810 ρεσις
563 1722 910 1808 significari
955 1722 1035 1787 ab
1083 1724 1187 1787 Ar.
1237 1745 1372 1787 eam
1419 1723 1738 1806 διαίρεσιν
1782 1725 1913 1790 τῶν
1957 1726 2300 1804 ἐναντίων,
2359 1746 2546 1811 quam

335 1829 401 1890 in
446 1824 627 1889 libris
674 1824 757 1890 de
801 1824 982 1890 bono
1029 1828 1314 1904 instituit,
1358 1825 1439 1891 cf.
1470 1824 1550 1890 ad
1582 1826 1650 1890 Γ
1672 1828 1734 1891 2.
1768 1829 1979 1892 1004a
2004 1830 2065 1907 2,
2107 1826 2417 1914 siquidem
2463 1825 2548 1892 de

339 1928 561 1994 eadem
595 1927 974 1993 definitione
1009 1931 1132 1995 τοῦ
1164 1919 1243 1994 οὗ
1278 1934 1464 1994 ἕνεκα
1495 1927 1624 1993 alio
1656 1928 1807 1994 loco
1839 1930 2033 2018 Phys.
2055 1931 2115 1995 11
2144 1932 2203 1994 2.
2240 1933 2406 1996 1940
2431 1930 2547 1994 35:

338 2032 578 2115 διχῶς
611 2026 740 2118 γὰρ
778 2026 856 2096 τὰ
891 2023 970 2097 οὗ
1006 2037 1222 2097 ἕνεκα·
1270 2032 1520 2118 εἴρηται
1564 2029 1622 2096 δ’
1656 2036 1727 2096 ὲν
1759 2042 1900 2108 τοῖς
1933 2034 2083 2117 περὶ
2119 2034 2546 2122 φιλοσοφίας,

335 2133 674 2200 manifesto
720 2134 868 2199 illos
915 2133 1115 2199 libros
1163 2134 1243 2200 de
1288 2134 1465 2200 bono
1511 2137 1805 2222 respicit,
1864 2134 1940 2199 cf.
1988 2134 2260 2208 Brandis
2308 2133 2391 2199 de
2434 2135 2546 2200 Ar.

337 2238 475 2303 libr.
530 2237 710 2325 perd.
762 2261 828 2324 p.
867 2238 928 2303 8.
1020 2239 1228 2324 Atque
1290 2261 1364 2303 ex
1421 2238 1547 2303 boc
1604 2238 1857 2325 quidem
1913 2239 2331 2326 Physicorum
2390 2237 2543 2303 loco

338 2340 588 2406 collatis
640 2342 779 2407 aliis
823 2341 1131 2407 similibus
1177 2341 1442 2426 (de1an.
1483 2342 1544 2406 ll
1588 2344 1650 2407 2.
1698 2344 1858 2408 415⁶
1890 2344 1959 2407 2:
2016 2336 2095 2408 τὸ
2141 2339 2198 2407 δ’
2238 2331 2319 2407 οὗ
2361 2347 2548 2408 ἕνεκα

337 2441 646 2524 διττόν,
689 2440 767 2511 τὸ
803 2448 924 2530 μὲν
959 2436 1055 2524 οὗ,
1100 2440 1178 2511 τὸ
1218 2446 1288 2512 δὲ
1328 2436 1399 2529 ᾦ.
1469 2447 1627 2511 ὀ2οε
1672 2445 1961 2523 διττῶς
2000 2446 2069 2512 δὲ
2107 2441 2185 2510 τὸ
2224 2435 2306 2511 οὗ
2344 2449 2547 2524 ἕνεκα,

334 2544 415 2615 τό
457 2570 528 2614 τε
574 2539 655 2616 οὗ
695 2551 808 2615 καὶ
846 2542 923 2615 τὸ
962 2540 1033 2633 ᾦ,
1079 2550 1307 2636 quibus
1343 2549 1505 2616 locis
1544 2549 1841 2617 addenda
1882 2560 1979 2615 est
2016 2551 2345 2637 copiosior
2387 2551 2551 2614 eius-

337 2653 481 2719 dem
528 2657 624 2718 rel
670 2655 983 2739 expositio
1030 2651 1112 2717 de
1155 2674 1300 2741 gen.
1343 2675 1444 2718 an.
1475 2655 1535 2720 11
1583 2658 1644 2720 6.
1689 2656 1854 2721 742α
1878 2654 1966 2717 22
2001 2657 2179 2740 sqq.)
2225 2650 2548 2739 vulgatam

337 2761 738 2843 scripturam,
799 2776 962 2840 quae
1021 2754 1316 2842 explicari
1375 2756 1557 2822 nullo
1619 2758 1817 2823 modo
1882 2766 2127 2843 potest,
2190 2753 2552 2821 emendavit

337 2858 783 2948 Schweglerus
818 2858 990 2922 hunc
1019 2861 1086 2923 in
1115 2858 1400 2924 modum:
1446 2863 1585 2923 ἔστι
1619 2853 1748 2944 γὰρ
1790 2854 2073 2924 διττὸν
2108 2852 2187 2923 τὸ
2227 2848 2308 2924 οὗ
2344 2862 2549 2937 ἕνεκα,

336 2955 429 3030 ὦν
474 2958 553 3028 τὸ
595 2964 716 3048 μὲν
759 2965 898 3028 ἔστι
939 2956 1018 3027 τὸ
1061 2962 1131 3027 δὲ
1170 2958 1288 3027 οὐκ
1324 2963 1479 3030 ἔστι.
1555 2961 1872 3027 Adhibitis
1912 2971 2101 3026 antea
2137 2959 2300 3025 locis
2333 2960 2446 3025 Ar.
2488 2970 2554 3025 et
2619 2958 2637 2974 ‘

337 3089 414 3132 ea
462 3065 890 3144 distinctione,
942 3087 1103 3152 quae
1148 3088 1249 3129 vv.
1294 3059 1371 3130 τὸ
1414 3068 1537 3150 μέν
1586 3102 1664 3114 -
1712 3059 1791 3130 τὸ
1838 3066 1907 3131 δέ
1952 3067 2336 3145 continetur,
2381 3063 2548 3129 adeo

337 3170 753 3236 confirmatur
797 3170 956 3234 baec
1001 3170 1382 3247 coniectura,
1433 3179 1503 3234 ut
1546 3190 1623 3233 ea
1670 3173 1823 3255 quin
1867 3172 1951 3235 sit
1994 3191 2143 3236 vera
2191 3189 2325 3233 non
2372 3165 2554 3233 dubi-

338 3284 483 3340 tem.
574 3274 706 3339 Sed
763 3276 831 3337 in
889 3293 965 3336 ea
1024 3269 1394 3357 explicanda
1448 3271 1901 3337 discedendum
1946 3272 2100 3337 mihi
2145 3271 2424 3337 arbitror
2469 3267 2551 3335 ab

338 3387 604 3441 auctore
643 3366 1125 3440 emendationis.
1199 3374 1508 3439 Nimirum
1557 3374 1892 3461 explicatio
1936 3373 2286 3460 repetenda
2333 3384 2430 3439 est
2469 3371 2552 3436 ab

337 3479 448 3544 illa
495 3478 766 3544 duorum
813 3500 1118 3566 generum
1165 3477 1284 3541 τοῦ
1328 3467 1409 3541 οὗ
1445 3483 1629 3542 ἕνεκα
1670 3476 2096 3556 distinctione,
2142 3498 2328 3562 quam
2361 3477 2554 3563 signi·

339 3582 557 3648 ficavit
601 3581 856 3669 quidem
900 3581 1237 3668 aliquoties
1285 3580 1427 3660 Ar.,
1483 3581 1601 3646 sed
1656 3602 1964 3667 nusquam
2017 3582 2168 3644 satis
2214 3580 2551 3665 perspicue

337 3687 660 3773 explicuit.
734 3687 1162 3771 Disputarunt
1207 3707 1283 3749 ea
1325 3685 1407 3749 de
1445 3706 1517 3750 re
1554 3688 1939 3770 interpretes
1969 3682 2203 3749 Graeci
2246 3680 2551 3766 adPhys.

337 3791 378 3856 Ι.
408 3791 470 3871 1.,
511 3791 589 3856 cf.
623 3788 837 3856 Schol.
868 3812 932 3874 p.
955 3788 1176 3865 349b;
1222 3791 1627 3854 consentiens
1663 3810 1803 3852 cum
1838 3789 1916 3852 iis
1947 3785 2331 3852 luculentius
2364 3786 2554 3849 etiam

335 3916 468 3960 rem
516 3897 809 3981 exposuit
854 3892 1157 3957 Themist.
1205 3891 1286 3957 ad
1333 3892 1442 3958 Ar.
1490 3891 1573 3957 de
1617 3912 1717 3956 an.
1764 3890 1806 3956 l.
1849 3889 1892 3954 l.
1938 3890 1982 3954 f.
2015 3887 2190 3957 7611:
2248 3880 2327 3951 τὰ
2373 3883 2434 3951 δ’
2476 3876 2559 3953 οὗ

340 4002 524 4063 ἕνεκα
568 3993 820 4075 διττόν,
865 3990 944 4061 τὸ
988 3998 1110 4081 μὲν
1155 3985 1255 4074 οὗ,
1299 3989 1377 4061 τὸ
1425 3997 1494 4061 δὲ
1538 3985 1610 4079 ᾦ.
1645 3995 1649 3999 ’
1702 3988 1920 4079 ὥσπερ
1965 3987 2096 4081 γὰρ
2140 3992 2255 4058 καὶ
2299 3995 2370 4056 ἐν
2411 3998 2556 4065 τοῖς

333 4098 652 4177 Ἠθικοῖς
696 4101 816 4180 (cf.
847 4099 1120 4166 Brandis
1159 4098 1200 4164 l.
1226 4098 1265 4163 l.
1300 4121 1363 4185 p.
1389 4101 1470 4178 9)
1515 4100 1789 4181 ἐλέγετο,
1833 4090 2053 4163 διττὸν
2097 4090 2174 4162 τὸ
2220 4095 2425 4172 τέλος,
2468 4089 2556 4169 ὥς

339 4206 461 4286 μὲν
515 4202 592 4269 τὸ
650 4194 731 4269 οὗ
787 4202 1202 4288 εὐδαιμονία,
1259 4201 1345 4278 ὡς
1401 4202 1473 4267 δὲ
1528 4196 1607 4266 τὸ
1659 4192 1712 4285 ᾦ
1757 4194 1958 4281 αὐτὸς
2015 4205 2287 4274 ἕκαστος
2342 4193 2556 4278 αὐτῷ·

337 4308 451 4371 καὶ
494 4299 621 4393 γὰρ
659 4301 781 4386 τὴν
820 4296 1244 4390 εὐδαιμονίαν
1289 4303 1375 4371 δι’
1410 4299 1616 4371 αὑτὸν
1658 4307 1935 4391 αἱρεῖται
1979 4305 2094 4370 καὶ
2135 4296 2301 4366 ὥστε
2343 4300 2559 4381 ἑαυτῷ

340 4403 588 4487 ταύτην
641 4405 1246 4495 περιποιήσασθαι·
1303 4403 1520 4494 ὥσπερ
1578 4410 1693 4474 καὶ
1736 4409 1845 4473 ἐπὶ
1888 4407 2183 4493 ιατρικῆς
2228 4391 2307 4468 οὗ
2349 4402 2469 4486 μὲν
2511 4394 2556 4478 ἡ

339 4510 570 4597 ὑγίεια,
614 4502 667 4596 ᾦ
713 4513 782 4578 δὲ
826 4514 918 4595 τῷ
957 4507 1297 4598 κάμνοντι,
1342 4506 1511 4579 οὕτω
1557 4511 1628 4576 δὲ
1671 4512 1785 4576 καὶ
1828 4513 1899 4575 ἐν
1942 4509 2021 4596 τῇ
2067 4500 2263 4596 φύσει
2306 4499 2422 4584 τὴν
2463 4503 2561 4567 δι-

2047 4611 2156 4665 32·
