3109 5175
595 342 691 419 32

594 521 828 600 AKA,
874 532 939 585 et
974 521 1375 607 eos'quidem
1410 542 1552 586 esse
1591 520 1804 601 libroS,
1840 542 2002 607 quos
2035 523 2186 606 περὶ
2218 522 2625 611 φιλοσοφίας
2661 522 2799 585 Ari-

594 623 860 689 stotcles
898 628 1220 711 scripsisse
1252 624 1568 702 tradatur3
1614 639 1839 713 postca
1872 626 2296 703 Aristotelem,
2331 646 2494 712 quae
2529 624 2693 690 libro
2734 625 2801 690 K

594 727 878 792 breviter
921 727 1341 809 abumbravit,
1398 731 1660 795 uberius
1704 734 2078 817 exposuisse
2125 729 2303 794 libris
2347 729 2482 794 ΒΓ
2475 730 2680 793 ΕΖΗ
2683 728 2800 805 ΘΙ,

597 843 663 897 et
719 831 1038 898 addidisse
1093 832 1174 898 ad
1227 834 1732 920 praeparandam
1792 837 2051 900 extremi
2107 832 2251 898 libri
2306 831 2799 919 disputationem

592 939 1190 1003 commentationem
1234 938 1622 1016 historicam,
1680 961 1863 1024 quam
1923 938 2223 1003 habemus
2275 940 2344 1000 in
2389 935 2570 1004 libris
2619 938 2810 1014 MN3*

593 1042 681 1103 ita
717 1038 966 1125 quidem
1007 1053 1077 1106 ut
1112 1042 1307 1107 altera
1341 1043 1928 1129 Metaphysicornm
1961 1043 2253 1105 recensio
2285 1038 2657 1105 absolvatur
2686 1061 2803 1127 per

594 1144 714 1208 hos
749 1142 948 1209 libros
982 1144 1188 1210 ΑΒΓ
1180 1147 1388 1211 ΕΖΗ
1390 1146 1487 1210 ΘΙ
1499 1148 1738 1212 ΜΝΛ.
1816 1146 2076 1211 Librum
2112 1146 2167 1210 A
2201 1143 2283 1209 ad
2318 1143 2530 1232 logica
2565 1147 2801 1232 scripta

598 1267 738 1313 esse
783 1248 1204 1326 referendum,
1247 1248 1474 1313 librum
1521 1273 1568 1313 α
1613 1249 1691 1314 ad
1737 1251 2068 1336 physicam
2116 1247 2659 1314 auscultationem.

729 1353 921 1415 Titzii
963 1356 1335 1418 sententiam
1381 1352 1662 1438 paullum
1706 1356 2080 1432 immutavit,
2124 1374 2258 1417 non
2303 1352 2665 1417 emendavit
2705 1353 2798 1417 lo.

596 1453 747 1520 Car.
794 1454 1104 1520 Glaser.
1187 1456 1438 1521 Omissa
1489 1460 1654 1521 enim
1698 1456 1807 1521 illa
1854 1456 1936 1521 de
1979 1456 2157 1521 libris
2201 1459 2349 1544 περὶ
2393 1458 2804 1544 φιλοσοφίας

597 1562 922 1645 opinione,
967 1581 1131 1644 quae
1172 1561 1421 1624 interim
1467 1560 1744 1644 refutata
1782 1570 1933 1638 erat,
1981 1563 2214 1647 etipse
2251 1558 2566 1644 duplicem
2603 1562 2801 1626 totius

595 1666 810 1748 operia
849 1674 1092 1728 exstare
1130 1673 1311 1749 putat
1342 1666 1800 1729 recensionem.
1868 1665 2240 1729 Breviorem
2277 1665 2590 1727 contineri
2625 1662 2802 1728 libris

596 1766 756 1831 AK
786 1766 983 1831 1--8
1009 1769 1116 1844 A,
1173 1766 1472 1852 reliquam
1535 1769 1699 1832 enim
1758 1766 1901 1831 libri
1947 1768 2015 1832 K
2058 1779 2301 1854 partem
2354 1788 2486 1831 non
2534 1787 2672 1831 esse
2721 1766 2802 1831 ab

599 1869 945 1935 Aristotele
1000 1873 1294 1957 scriptam
1350 1892 1501 1935 vere
1562 1870 1817 1935 iudicat.
1904 1871 2036 1936 lam
2083 1891 2244 1957 quae
2288 1868 2433 1935 libri
2477 1869 2551 1934 K
2591 1873 2804 1956 priore

596 1986 777 2061 parte
812 1977 1340 2064 perstringuntur,
1383 1973 1645 2039 uberius
1687 1979 1971 2061 exposita
2008 1996 2149 2040 esse
2184 1972 2360 2038 libris
2389 1973 2586 2037 ΒΓΕ
2589 2000 2611 2055 ,-
2658 1993 2807 2038 ean-

597 2078 740 2143 dem
786 2082 1126 2158 rationem,
1179 2088 1252 2144 ut
1295 2098 1457 2165 quae
1502 2077 1705 2143 altero
1752 2079 1901 2144 loco
1948 2077 2314 2144 abumbrata
2361 2088 2538 2156 sunt,
2583 2075 2802 2166 eadem

596 2181 801 2248 altero
848 2192 1274 2268 exponantur,
1327 2181 1730 2246 intercedere
1771 2181 1919 2247 libri
1963 2184 2038 2249 A
2083 2180 2284 2246 tribus
2326 2183 2540 2267 primis
2587 2182 2806 2266 capiti·

596 2284 716 2350 bus
763 2307 902 2350 curn
948 2285 1124 2350 libris
1169 2287 1231 2350 Z
1273 2294 1336 2349 et
1378 2285 1472 2363 H,
1518 2296 1744 2370 quarto
1791 2284 1937 2350 libri
1977 2287 2052 2350 A
2100 2287 2291 2370 capiti
2337 2306 2477 2351 cum
2524 2283 2694 2349 libro
2721 2283 2804 2363 ·I,

598 2392 821 2474 quinto
867 2411 1008 2453 cum
1054 2388 1219 2454 libro
1258 2388 1334 2466 Θ,
1378 2390 1534 2452 sexti
1579 2392 1804 2475 capitis
1850 2391 2051 2475 priori
2093 2391 2261 2474 parti
2299 2383 2444 2454 ¹cum
2484 2387 2652 2453 libro
2687 2388 2803 2468 M,

596 2494 920 2578 proximae
975 2491 1286 2558 brevioris
1346 2495 1739 2557 recensionis
1800 2496 1964 2579 parti
2018 2494 2093 2558 Λ
2137 2494 2400 2557 6—10.
2461 2495 2671 2557 10750
2713 2493 2805 2560 25

598 2617 761 2682 quae
821 2595 1291 2683 responderent
1345 2597 1410 2659 in
1469 2595 1768 2663 uberiore
1824 2601 1918 2663 rei
1962 2600 2337 2662 tractatione
2377 2594 2804 2671 intercidisse3

598 2697 875 2786 denique
922 2710 1256 2764 extremam
1301 2697 1447 2764 libri
1475 2702 1550 2765 A
1596 2713 1834 2787 partem
1880 2701 2032 2767 inde
2075 2724 2109 2765 a
2146 2704 2248 2766 1⁰.
2284 2703 2492 2766 1075«
2522 2702 2609 2765 25
2654 2720 2808 2764 con-

601 2807 814 2868 cinere
860 2824 1003 2867 cum
1047 2802 1213 2868 libro
1246 2806 1332 2870 N.
1403 2802 1666 2869 Librum
1699 2806 1752 2870 A
1794 2810 2112 2893 aptissime
2158 2815 2308 2890 post
2349 2803 2580 2868 librum
2609 2801 2677 2869 B
2709 2804 2806 2866 in-

598 2910 872 2993 terponi,
917 2905 1141 2973 librum
1188 2932 1235 2971 a
1280 2907 1361 2973 ad
1399 2908 1663 2993 physica
1702 2913 1934 2995 scripta
1971 2908 2372 2975 referendum
2414 2928 2571 2972 esse.
2644 2904 2806 2971 lude

600 3011 766 3074 banc
808 3010 1109 3076 habemus
1155 3009 1473 3096 duplicem
1520 3016 1736 3099 operis
1779 3014 2196 3101 metaphysici
2240 3012 2533 3077 formam:

926 3114 999 3178 A
1086 3114 1723 3181 K1—8A1—6
2125 3136 2135 3143 ·
2271 3118 2466 3181 Alo

928 3219 1001 3282 A
1088 3217 1337 3282 ΒΔΓΕ
1430 3220 1768 3286 ΖΗΙΘΜ
1811 3127 1923 3296 {A
1944 3126 2214 3293 6-10}
2271 3223 2357 3285 N.

600 3320 1041 3386 Perturbatum
1085 3323 1298 3407 potius
1344 3343 1527 3407 quam
1576 3327 1928 3389 restitutum
1976 3345 2118 3388 esse
2159 3324 2278 3386 hac
2319 3325 2576 3387 ratione
2607 3319 2806 3385 libro-

601 3447 736 3490 rum
786 3426 1360 3512 metaphysicorum
1400 3426 1691 3493 ordinem
1723 3430 1824 3491 vix
1863 3440 1959 3491 est
1995 3427 2166 3514 quod
2203 3446 2568 3492 moneamus
2605 3432 2808 3489 atten-

600 3540 704 3594 tos
751 3551 969 3595 eornm
1016 3528 1321 3604 lectores:
1364 3531 1694 3597 levissimis
1741 3553 1816 3594 ac
1850 3553 2109 3616 prorsus
2146 3530 2442 3596 inanibus
2474 3548 2808 3615 argumen-

599 3635 678 3697 tis
708 3631 1046 3699 Glaseruin
1094 3656 1271 3698 usum
1319 3656 1460 3699 esse
1507 3634 1585 3699 ad
1633 3633 2123 3699 confirmandam
2163 3656 2338 3699 suam
2379 3635 2804 3698 coniecturam

601 3739 865 3823 exposui
908 3740 972 3800 in
1017 3737 1233 3801 Jabnii
1279 3736 1505 3801 Annal.
1555 3739 1746 3803 1841.
1794 3738 2041 3814 XXXII,
2088 3739 2149 3801 4.
2194 3761 2256 3823 p.
2287 3739 2414 3802 371
2461 3759 2597 3822 sqq.

730 3839 1022 3928 vulgato
1067 3839 1370 3906 librorum
1414 3838 1626 3905 ordini
1673 3839 1775 3904 vel
1821 3839 2012 3926 plane
2055 3840 2162 3906 vel
2206 3843 2425 3926 paucis
2465 3842 2805 3905 immutatis

600 3946 979 4032 patrocinati
1023 3955 1172 4009 sunt
1213 3944 1477 4022 Biese,
1524 3943 2185 4023 Brummcrstadt,
2231 3943 2644 4008 Michelet.
2721 3943 2807 4007 Et

600 4049 790 4113 Biese
835 4046 1086 4134 quidem
1132 4047 1357 4113 librum
1404 4072 1449 4112 α
1493 4047 1574 4112 ad
1620 4048 1889 4134 Physica
1935 4051 2255 4134 pertinere
2302 4057 2522 4112 censet
2544 4048 2615 4128 ¹),
2659 4045 2808 4113 reli-

599 4172 869 4238 quorum
915 4149 998 4215 de
1055 4150 1280 4216 ordine
1327 4174 1696 4238 quamquam
1743 4173 1877 4217 non
1924 4152 2161 4217 diserte
2205 4150 2358 4238 quid
2401 4162 2660 4216 censeat
2703 4170 2807 4215 ex-

600 4259 812 4343 ponit,
858 4266 1066 4320 tamen
1112 4255 1287 4342 quod
1333 4255 1578 4335 eodem,
1626 4278 1753 4342 quo
1795 4277 1965 4321 nunc
1998 4255 2340 4345 vulgantur
2375 4255 2604 4321 ordine
2638 4253 2807 4337 libri,

709 4480 773 4552 1)
807 4485 935 4538 Pha.
973 4487 1061 4538 ‹1oe
1098 4486 1300 4539 Aristot.
1336 4486 1376 4538 1.
1410 4504 1463 4555 p.
1499 4500 1596 4542 ³95
1637 4500 1742 4540 not.
