3109 5175
1160 384 1242 456 A
1290 381 1361 454 9.
1443 380 1714 455 10750.
1858 361 1868 368 '
2397 379 2551 455 517

472 557 551 637 b)
598 558 800 623 1074»
826 559 916 623 35
954 558 1354 645 φαίνεται
1394 593 1474 608 —·
1519 558 1796 624 107505
1831 558 1998 643 μία.
2074 555 2207 624 sed
2244 561 2313 623 in
2350 578 2554 626 novas

338 658 672 725 incidimus
718 659 1143 740 difficultates,
1186 664 1242 725 si
1285 660 1646 727 intellectus
1680 664 1903 726 summi
1940 664 2257 727 actionem
2299 682 2551 749 compa-

337 767 683 829 raverimus
728 787 868 828 cum
915 767 1022 843 iis,
1080 785 1234 850 quas
1279 767 1405 850 ipsi
1449 764 1778 843 habemus,
1836 765 2156 830 sentiendi
2222 765 2549 853 cogitandi

334 867 576 932 sciendi
599 869 987 943 actionibus;
1019 867 1416 932 manifestum
1450 880 1549 934 est
1579 871 1744 933 enim
1777 871 2125 955 (φαίνεται
2146 869 2317 951 1535)
2346 871 2552 935 scien-

335 973 480 1035 tiam
527 971 872 1057 quamlibet
916 970 998 1036 ad
1043 970 1230 1038 aliam
1275 971 1588 1056 quandam
1633 993 1764 1037 rem
1810 972 2061 1051 referri,
2104 969 2303 1038 veluti
2350 972 2549 1037 medi-

334 1077 538 1138 cinam
583 1073 664 1139 ad
709 1079 1041 1141 sanitatem
1089 1078 1409 1162 corporis,
1466 1098 1541 1139 ac
1599 1074 1868 1142 fortuito
1927 1084 2169 1141 tantum
2223 1085 2290 1141 et
2333 1075 2550 1141 obiter

331 1182 444 1259 (ἐν
479 1180 785 1264 παρέργῳ
821 1181 993 1259 ⁶36)
1033 1179 1132 1244 ad
1151 1201 1223 1245 se
1259 1183 1478 1267 ipsam.
1551 1178 1809 1245 Deinde
1848 1181 2148 1265 quoniam
2187 1178 2545 1246 intellectio

334 1292 400 1346 et
442 1281 511 1346 id
558 1281 733 1367 quod
777 1282 1156 1372 intelligitur
1210 1286 1481 1348 notione
1533 1293 1709 1347 certe
1752 1276 1870 1363 (τό
1917 1278 2086 1347 εἶναι
2125 1278 2392 1362 νοήσει
2418 1284 2547 1349 καὶ

331 1388 705 1468 νοουμένῳ)
738 1385 1060 1465 differunt,
1096 1390 1418 1472 quaeritur
1445 1408 1521 1450 ex
1551 1396 1698 1451 utro
1733 1387 1959 1451 horum
1992 1384 2267 1472 dignitas
2296 1405 2543 1451 summo

334 1487 685 1552 intellectui
743 1488 1022 1554 accedat.
1111 1492 1505 1554 Removetur
1555 1501 1821 1575 utraque
1866 1487 2209 1554 difficultas
2253 1493 2453 1576 (part.
2498 1481 2545 1567 ἥ

331 1593 457 1657 ῠ36
503 1595 989 1678 responsionem
1036 1590 1306 1670 orditur,
1351 1591 1432 1655 cf.
1472 1591 1555 1656 ad
1595 1593 1657 1655 Z
1688 1594 1747 1656 4.
1792 1593 2001 1657 103οα
2029 1593 2147 1672 2),
2193 1589 2543 1657 dummodo

331 1698 631 1774 materiae
687 1696 804 1761 vel.
848 1697 1224 1763 levissimam
1277 1699 1735 1784 cogitationem
1776 1697 2126 1761 immiscere
2172 1697 2539 1760 caver-imus.

331 1797 533 1884 Quod
577 1801 630 1863 si
674 1809 982 1880 tenemus,
1027 1812 1092 1866 et
1132 1822 1254 1880 ars,
1300 1822 1462 1886 quae
1498 1820 1630 1864 rem
1666 1798 1938 1885 aliquam
1978 1797 2193 1877 efficit,
2241 1807 2307 1862 et
2338 1800 2540 1863 scien«-
2646 1795 2653 1809 ⁸

330 1906 416 1967 tia
458 1905 555 1966 rei
598 1901 816 1968 eadem
866 1915 964 1969 est
1005 1913 1194 1990 atque
1239 1905 1379 1989 ipsa
1423 1925 1545 1982 res,
1599 1902 1679 1966 cf.
1726 1902 1805 1968 ad
1852 1904 1916 1967 3.
1960 1902 2171 1967 1070·
2212 1901 2315 1965 14.
2405 1902 2538 1966 lam

328 2027 487 2071 vero
533 2009 755 2071 summi
798 2006 1162 2072 intellectus
1209 2028 1282 2072 ea
1332 2018 1430 2071 est
1472 1990 1728 2084 natura,
1775 2014 1846 2071 ut
1889 2027 1924 2069 a
1970 2006 2232 2069 materia
2277 2025 2539 2089 prorsus

328 2112 413 2174 sit
455 2112 767 2176 immunis
856 2113 1034 2199 Ergo
1078 2111 1234 2175 nihil
1279 2113 1523 2200 mirum,
1568 2108 1741 2196 quod
1789 2111 1923 2172 eius
1966 2101 2196 2187 νόησις
2241 2118 2337 2173 est
2377 2103 2538 2187 νοή-

330 2233 492 2290 σεως
526 2217 608 2294 (i.
638 2235 692 2278 e.
727 2216 1004 2298 ἑαυτῆς)
1037 2211 1284 2295 νόησις,
1317 2235 1440 2279 nec
1472 2224 1691 2301 potest
1725 2214 1989 2278 omnino
2026 2213 2244 2297 quaeri
2280 2232 2358 2277 ex
2392 2221 2538 2277 utro

330 2315 607 2404 dignitas
655 2321 789 2383 eius
834 2318 1184 2405 repetenda
1228 2321 1327 2384 sit.

461 2423 552 2485 al
601 2423 704 2486 ἐπὶ
747 2424 868 2504 μὲν
911 2424 1041 2488 τῶν
1082 2423 1438 2502 ποιητικῶν
1472 2459 1561 2473 -
1601 2424 1643 2486 5
1679 2421 1803 2505 μία
1843 2420 2013 2483 hunc
2049 2420 2118 2484 in
2151 2418 2410 2485 modum
2447 2421 2540 2484 vi-

333 2523 566 2590 dentur
623 2524 996 2612 explicanda
1057 2546 1224 2592 esse:
1280 2526 1388 2592 ἐπὶ
1430 2527 1550 2611 μὲν
1593 2525 1725 2590 τῶν
1766 2525 2121 2605 ποιητικῶν
2164 2524 2537 2607 ἐπιστημῶν

330 2632 412 2709 (i.
446 2651 500 2693 ε.
547 2630 652 2693 ἐπὶ
698 2631 828 2695 τῶν
871 2632 1128 2713 τεχνῶν,
1174 2629 1253 2694 cf.
1289 2628 1370 2693 ad
1416 2630 1473 2695 Θ
1501 2630 1564 2693 2.
1606 2629 1914 2706 1046113)
1960 2620 2119 2692 ἄνευ
2158 2623 2319 2707 ὕλης
2362 2629 2443 2708 (i.
2479 2648 2534 2692 e.

330 2735 385 2796 si
429 2734 726 2796 materiae
771 2735 1225 2819 cogitationem
1271 2733 1679 2818 seposueris)
1735 2726 1779 2809 ἡ
1826 2726 2021 2795 οὐσία
2063 2732 2177 2796 καὶ
2219 2722 2298 2795 τὸ
2340 2731 2409 2794 τί
2450 2718 2538 2809 ἦν

332 2832 502 2900 εἶναι
545 2830 708 2899 αὐτὸ
753 2830 829 2900 τὸ
875 2831 1152 2922 πρᾶγμά
1197 2839 1390 2914 ἐστιν,
1434 2836 1540 2900 ἐπὶ
1586 2834 1654 2900 δὲ
1698 2836 1827 2899 τῶν
1873 2833 2296 2918 θεωρητικῶν
2339 2829 2378 2898 ὁ
2419 2826 2537 2898 λό-

331 2962 449 3023 γος
491 2940 602 3003 καὶ
647 2935 687 3017 ἡ
732 2934 961 3017 νόησίς
1005 2943 1142 3003 ἐστι
1184 2936 1262 3003 τὸ
1307 2941 1603 3025 πρᾶγμα.
1689 2936 1801 3016 (In
1848 2939 2068 3021 priore
2116 2939 2303 3003 etiam
2345 2956 2538 3001 mem-

332 3043 453 3107 bro
511 3036 589 3108 τὰ
644 3042 922 3127 πρᾶγμα
980 3040 1324 3128 praedicati
1374 3040 1525 3105 loco
1574 3038 1933 3105 addendum
1981 3062 2149 3119 esse,
2209 3039 2539 3125 apparebit

333 3149 394 3211 ei
438 3148 546 3232 qni
592 3149 920 3231 superiora
967 3145 1188 3210 verbaz
1243 3138 1290 3226 ἢ
1332 3142 1434 3210 ἐπ’
1472 3148 1663 3211 ἐνίων
1707 3181 1791 3194 -
1838 3147 1878 3209 i.
1911 3167 1968 3211 e.
2011 3145 2141 3209 τῶν
2185 3138 2404 3210 ἆΰλων
2450 3180 2533 3195 —-

330 3246 374 3328 ἡ
420 3245 741 3332 ἐπιστήμη
787 3242 863 3314 τὸ
908 3251 1201 3333 πρᾶγμα,
1245 3249 1572 3334 quomodo
1614 3272 1754 3315 cum
1794 3249 1891 3313 his
1931 3249 2315 3314 cohaereant
2349 3268 2538 3334 quae-

332 3356 613 3431 siverit.)
684 3349 801 3435 οὐχ
844 3353 1066 3435 ἑτέρου
1111 3340 1230 3417 οὖν
1265 3346 1457 3428 ὄντος
1494 3358 1566 3417 ὲν
1603 3361 1744 3428 τοῖς
1781 3347 2007 3427 ἀΰλοις
2040 3346 2212 3428 (ὅσα
2244 3345 2339 3435 μὴ
2371 3346 2539 3429 ὕλην

332 3458 458 3541 ἔχει
495 3456 623 3537 α4)
665 3453 786 3517 τοῦ
822 3458 1181 3537 νοουμένου
1216 3456 1328 3519 καὶ
1365 3455 1485 3518 τοῦ
1517 3455 1656 3531 νοῦ,
1698 3446 1776 3517 τὸ
1813 3449 1977 3517 αὐτὸ
2013 3453 2200 3517 ἔσται
2231 3447 2310 3517 τὸ
2343 3449 2538 3518 νοού-

329 3580 532 3643 μενον
575 3558 669 3641 τῷ
703 3550 938 3643 πρώτῳ
971 3557 1064 3639 νῷ
1109 3556 1229 3636 (de
1268 3577 1348 3622 eo
1387 3559 1570 3621 enim·
1588 3559 1814 3644 agitur,
1856 3553 2133 3640 ideoque
2166 3553 2354 3619 facile
2389 3576 2538 3641 sup-

329 3660 493 3748 pleri
525 3664 802 3748 potest),
846 3660 960 3725 καὶ
997 3657 1041 3740 ἡ
1076 3656 1305 3740 νόησις
1339 3661 1432 3741 τῷ
1467 3663 1802 3743 νοουμένῳ
1836 3659 1978 3743 μία.
2012 3692 2096 3705 -
2139 3658 2245 3723 De
2282 3657 2408 3723 dat.
2444 3658 2537 3741 τῷ

330 3770 688 3849 νοουμένῳ,
747 3786 932 3850 quem
977 3785 1099 3851 pro
1143 3761 1318 3850 vulg.
1363 3764 1484 3828 τοῦ
1522 3766 1885 3847 νοουμένου
1930 3783 2005 3827 ex
2051 3760 2227 3827 Alex.
2271 3763 2538 3841 restitui,

333 3870 413 3934 cf.
455 3868 616 3935 obs.
661 3892 725 3954 p.
761 3871 906 3934 106.

465 3974 545 4055 ε)
591 3974 802 4038 107541
828 3975 869 4038 5
916 3972 1038 4036 ἔτι
1084 4006 1164 4021 —·
1215 3973 1299 4039 10
1336 3969 1615 4035 αἰῶνα.
1690 3971 1813 4033 Hic
1849 3968 2031 4034 locus
2069 3969 2399 4056 quomodo
2433 3990 2535 4035 ex-

332 4074 661 4163 plicandus
709 4074 1001 4141 videatur
1045 4095 1187 4139 esse
1233 4084 1299 4139 et
1341 4072 1793 4151 emendandus,
1833 4077 2099 4159 exposui
2132 4074 2293 4141 obs.
2328 4096 2393 4159 p.
2420 4076 2533 4148 19;

335 4179 596 4245 similem
646 4189 711 4243 ει
753 4182 1342 4265 interpretationem
1393 4187 1458 4241 et
1497 4176 2002 4242 emendationem
2038 4199 2072 4241 a
2109 4202 2167 4242 v.
2205 4176 2375 4243 doct.
2411 4179 2537 4241 Ra-

335 4286 591 4347 vaisson
639 4282 862 4364 (Essai
902 4304 1011 4346 sur
1045 4281 1105 4346 la
1140 4281 1297 4345 Met.
1333 4279 1501 4345 d’Ar.
1538 4282 1588 4345 1.
1626 4305 1688 4368 p.
1723 4281 1890 4362 199)
1936 4284 2328 4367 propositam
2376 4299 2534 4360 esse,

333 4398 560 4474 postea
606 4384 856 4451 demum
904 4388 1203 4474 cognovi.
1281 4386 1375 4449 Ex
1410 4407 1501 4464 ea,
1545 4408 1730 4471 quam
1770 4384 1813 4449 l.
1844 4383 1884 4448 l.
1929 4383 2284 4472 significavi
2326 4404 2534 4447 emen·

336 4489 625 4571 datione,
684 4489 767 4556 ad
823 4493 987 4558 hanc
1042 4491 1446 4578 pervenimus
1503 4492 2121 4576 interpretationem:
2189 4485 2538 4572 Quaeritur
