3109 5175
561 371 706 446 258
1366 377 1437 445 A
1491 371 1604 446 14.
1685 370 1874 447 1020
1891 373 1955 446 b.

562 544 882 634 ἀριθμοῦ,
925 548 1037 612 καὶ
1082 550 1250 631 μέγα
1294 549 1408 613 καὶ
1450 545 1685 636 μικρὸν
1727 550 2072 633 μεγέθους,
2115 544 2335 635 ὥσπερ
2379 543 2610 633 ἄρτιον
2653 553 2766 616 καὶ

562 647 885 736 περιττόν,
928 653 1041 717 καὶ
1084 651 1261 718 λεῖον
1304 654 1416 718 καὶ
1457 647 1667 739 τραχύ
1706 655 1841 719 κτλ.
1920 653 2223 741 Magnum
2267 663 2475 719 autem
2524 664 2589 718 et
2626 675 2765 740 par-

565 777 741 834 vum,
797 757 996 819 maius
1043 766 1108 820 et
1150 759 1385 834 minuS,
1429 755 1603 841 quod
1651 757 1805 824 dicit
1842 759 1980 822 «24
2024 759 2134 822 καὶ
2177 753 2366 821 καθ’
2405 753 2614 822 αὑτὰ
2656 760 2767 823 καὶ

563 851 730 945 πρὸς
774 852 1031 938 ἄλληλα
1087 854 1433 943 λεγόμενα,
1494 859 1560 925 id
1617 881 1750 925 non
1809 861 2001 926 video
2059 859 2384 947 quomodo
2442 860 2767 927 conciliari

562 965 771 1051 possit
809 986 948 1027 cum
981 961 1126 1029 Cat.
1163 965 1224 1028 6.
1263 964 1335 1028 5⁶
1369 965 1481 1027 16:
1526 960 1761 1030 οὐδὲν
1804 960 1932 1049 γὰρ
1978 957 2140 1028 αὐτὸ
2184 960 2349 1027 καθ’
2390 959 2554 1030 αὑτὸ
2599 969 2767 1050 μέγα

563 1070 819 1150 λέγεται
874 1059 920 1147 ἢ
973 1061 1237 1154 μικρόν,
1297 1061 1468 1132 ἀλλὰ
1524 1067 1618 1151 τῷ
1672 1062 1838 1153 πρὸς
1884 1072 2104 1151 ἕτερον
2149 1064 2634 1155 ἀναφέρεσθαι.
2680 1108 2766 1119 --

562 1173 689 1237 Per
733 1169 1027 1237 accidens
1072 1173 1386 1256 quantitas
1431 1170 1733 1236 tribuitur
1772 1170 2036 1237 cuilibet
2071 1170 2413 1250 affectioni,
2458 1182 2767 1258 quatenus

565 1277 854 1341 inhaeret
897 1274 1290 1340 substantiae
1336 1286 1650 1354 extensae,
1693 1276 1895 1341 veluti
1942 1274 2146 1341 colori
2192 1273 2361 1355 albo,
2400 1277 2767 1352 1126—283

563 1385 764 1445 motui
809 1399 967 1444 vero
1013 1389 1077 1443 et
1122 1383 1391 1466 tempori
1437 1380 1612 1466 quod
1657 1380 1959 1444 tribuitur
2004 1382 2345 1466 quantitas,
2399 1402 2768 1467 quamquam

567 1496 633 1550 et
689 1488 893 1570 ipsum
952 1481 1033 1549 ad
1089 1482 1542 1549 accidentalem
1602 1487 1969 1570 quantitatis
2024 1505 2204 1547 usum
2252 1484 2473 1561 refert,
2532 1484 2611 1548 ab
2656 1484 2766 1549 illa

565 1600 775 1654 tamen
822 1590 1035 1674 specie
1081 1586 1429 1677 distinguit.
1522 1589 1741 1654 Motus
1789 1591 1953 1653 enim
2000 1598 2096 1652 est
2119 1583 2366 1665 ποσόν,
2417 1590 2510 1670 τῷ
2554 1582 2767 1654 ποσὸν

566 1688 734 1757 εἶναι
789 1685 828 1755 ὃ
886 1687 1165 1771 ἐκινήθη
1212 1695 1377 1771 α31,
1434 1696 1475 1757 i.
1513 1715 1569 1757 e.
1629 1688 1668 1758 ὃ
1727 1693 1966 1772 διῆλθε
2022 1686 2099 1757 τὸ
2157 1688 2541 1776 κινούμενον
2586 1690 2765 1756 Alex.

565 1818 630 1882 p.
662 1796 811 1873 362,
851 1797 908 1874 7,
952 1817 1027 1860 ac
1065 1807 1311 1883 tempus
1355 1808 1451 1862 est
1487 1792 1717 1874 ποσόν,
1749 1799 1841 1879 τῷ
1878 1790 2000 1875 τὴν
2038 1799 2295 1875 κίνησιν
2331 1791 2547 1875 ποσὴν
2585 1792 2767 1873 εἶναι,

568 1903 714 1986 quia
760 1896 796 1966 ὁ
836 1895 1077 1985 χρόνος
1120 1896 1418 1984 ἀριθμός
1461 1906 1598 1966 ἐστι
1641 1896 1952 1980 κινήσεως
1988 1900 2183 1985 Phys.
2220 1901 2316 1963 IV
2359 1901 2461 1964 11.
2506 1901 2668 1964 2191»
2708 1902 2763 1965 1.

567 2003 806 2070 Melius
863 2004 945 2070 de
990 2008 1401 2091 quantitativa
1445 2008 1749 2091 temporis
1796 2014 2018 2069 natura
2063 2005 2174 2067 Ar.
2222 2002 2470 2067 disserit
2514 2004 2656 2070 Cat.
2700 2007 2765 2069 6.

567 2111 647 2175 5⁶
684 2112 756 2184 6;
804 2108 884 2172 de
930 2113 1276 2194 quantitate
1322 2119 1528 2175 motus
1577 2110 1655 2173 cf.
1705 2106 2010 2176 Trendel.
2060 2108 2204 2171 Kat.
2251 2131 2314 2193 p.
2345 2109 2450 2172 86.

1415 2369 1473 2442 C
1489 2369 1643 2444 ΑΡ.
1708 2369 1910 2444 XIV.

699 2526 1152 2614 Qualitatis
1196 2530 1465 2615 primum
1510 2527 1957 2615 quadrifarium
2005 2550 2184 2595 usum
2233 2528 2566 2618 distinguit
2598 2549 2767 2593 eum-

569 2655 692 2720 que
739 2631 975 2698 deinde
1019 2633 1099 2700 ad
1146 2632 1276 2698 duo
1322 2655 1562 2719 genera
1608 2636 1937 2721 potissima
1983 2634 2233 2722 redigit.

557 2731 561 2734 Α
702 2740 785 2816 α)
833 2739 1038 2802 102011
1079 2728 1379 2804 33—b8.
1447 2735 1642 2803 ποιὸν
1675 2740 1928 2822 λέγεται
1969 2776 2047 2790 -
2084 2735 2124 2817 ἡ
2163 2731 2457 2827 διαφορὰ
2497 2739 2613 2816 τῆς
2654 2734 2767 2801 οὐ-

571 2845 719 2919 σίας
764 2845 899 2906 sive
941 2839 985 2922 ἡ
1032 2836 1328 2929 διαφορὰ
1359 2840 1407 2921 ,ἡ
1446 2840 1616 2908 κατὰ
1656 2837 1773 2922 τὴν
1814 2841 2063 2921 οὐσίαν,
2107 2846 2147 2907 i.
2181 2863 2237 2906 e.
2286 2863 2357 2906 ea
2405 2840 2765 2905 differentia

569 2946 897 3035 specifica,
940 2967 1055 3031 per
1098 2968 1283 3032 quam
1329 2949 1381 3010 si
1428 2947 1946 3012 determinaveris
1991 2968 2195 3034 genus
2242 2949 2607 3031 proximum,
2650 2965 2767 3008 no-

569 3055 660 3117 tio
699 3049 1129 3115 substantialis
1169 3052 1262 3113 rei
1299 3048 1379 3129 (ἡ
1421 3049 1615 3115 οὐσία
1653 3054 1787 3115 sive
1829 3046 1901 3115 τὸ
1942 3054 2005 3115 τί
2042 3042 2125 3131 ἦν
2162 3047 2344 3127 εἶναι,
2381 3050 2459 3114 cf.
2492 3048 2571 3113 ad
2602 3051 2672 3113 Α
2703 3051 2765 3114 6.

570 3157 731 3221 9871>
753 3157 858 3219 21.
908 3154 968 3215 Ζ
996 3155 1119 3231 12)
1159 3151 1417 3217 definita
1458 3164 1573 3218 est.
1641 3153 1772 3219 Sed
1817 3152 2176 3220 differentia
2224 3153 2523 3239 specifica
2560 3164 2767 3219 utrum

570 3259 651 3325 ad
697 3260 1078 3346 categoriam
1124 3257 1439 3343 qualitatis
1484 3256 1818 3321 referenda
1862 3262 1945 3324 sit
1987 3258 2108 3338 (cf.
2147 3259 2315 3344 Top.
2353 3258 2450 3323 lv
2490 3259 2551 3322 2.
2602 3258 2768 3322 1221»

574 3368 682 3430 16:
743 3360 1014 3445 οὐδεμία
1057 3356 1185 3449 γὰρ
1231 3355 1526 3451 διαφορὰ
1572 3364 1875 3442 σημαίνει
1918 3365 1983 3427 τί
2026 3367 2229 3440 ἐστιν,
2287 3356 2459 3427 ἀλλὰ
2510 3362 2770 3447 μᾶλλον

570 3463 765 3535 ποιόν
808 3491 886 3545 τι,
929 3461 1241 3550 καθάπερ
1285 3464 1364 3530 τὸ
1407 3461 1603 3545 πεζὸν
1638 3470 1752 3532 καὶ
1788 3462 1864 3531 τὸ
1902 3467 2153 3532 δίπουν.
2212 3468 2275 3532 6.
2309 3467 2474 3531 128a
2498 3468 2612 3531 26:
2656 3466 2769 3529 καὶ

572 3569 674 3640 ὅτι
715 3571 758 3653 ἡ
802 3573 922 3660 μὲν
966 3561 1262 3659 διαφορὰ
1316 3565 1639 3649 ποιότητα
1695 3572 1814 3636 τοῦ
1868 3573 2093 3654 γένους
2148 3567 2250 3636 ἀεὶ
2297 3572 2632 3655 σημαίνει,
2688 3565 2769 3635 τὸ

571 3677 640 3744 δὲ
696 3680 882 3762 γένος
935 3675 1053 3754 τῆς
1098 3674 1425 3762 διαφορᾶς
1469 3666 1567 3738 οὔ.
1655 3674 1848 3760 Phys.
1895 3674 1959 3735 V
2003 3677 2064 3740 2.
2111 3676 2279 3741 2261:
2319 3677 2434 3741 27:
2490 3675 2652 3758 λέγω
2698 3673 2768 3738 δὲ
2834 3692 2843 3699 “

570 3774 764 3846 ποιὸν
818 3776 897 3845 οὐ
951 3772 1027 3843 τὸ
1087 3781 1158 3842 ἐν
1212 3776 1293 3865 τῇ
1337 3773 1567 3861 οὐσίᾳ·
1622 3779 1734 3843 καὶ
1776 3772 1907 3863 γὰρ
1951 3776 1994 3857 ἡ
2039 3773 2333 3870 διαφορὰ
2375 3774 2629 3858 ποιόν.)
2686 3794 2769 3842 an

573 3881 654 3949 ad
697 3880 1108 3947 substantiam
1156 3880 1275 3959 (cf.
1316 3878 1459 3945 Cat.
1497 3883 1556 3946 5.
1595 3883 1674 3947 3⁶
1705 3884 1810 3948 21.
1866 3886 2034 3969 Top.
2072 3883 2103 3947 1
2140 3886 2199 3948 4.
2249 3884 2407 3948 1011»
2443 3884 2587 3963 18),
2630 3885 2769 3968 ipse

574 3983 950 4050 Aristoteles
1006 3986 1300 4074 ambigit,
1356 3983 1422 4049 id
1481 3985 1652 4071 quod
1710 3985 2065 4052 luculenter
2122 3991 2415 4074 exposuit
2465 3983 2770 4051 Trendel.

572 4089 721 4153 Kat.
764 4111 828 4174 p.
860 4091 945 4155 55
984 4111 1118 4176 sqq.
1163 4093 1268 4156 93.
1318 4127 1399 4141 -
1456 4088 1554 4157 Ab
1602 4092 1719 4154 hac
1762 4090 2081 4176 qualitatis
2126 4094 2393 4157 notione
2441 4090 2771 4177 distinguit

574 4195 859 4280 primum,
880 4194 1121 4273 b2—8,
1153 4216 1228 4257 ac
1257 4193 1490 4260 deinde
1522 4193 1602 4258 ad
1634 4216 1770 4258 eam
1801 4206 2077 4273 revocat,
2099 4196 2428 4275 b15-17,
2462 4217 2595 4259 eam
2623 4216 2772 4280 qua-

571 4296 839 4373 litatem,
885 4321 1065 4385 quam
1113 4303 1352 4363 numeri
1396 4311 1651 4385 praeter
1695 4302 2102 4386 quantitatem
2150 4298 2526 4378 adsciscunt,
2579 4320 2770 4385 quum

574 4399 946 4468 dirimuntur
1002 4407 1066 4469 in
1119 4401 1435 4491 singulos,
1493 4423 1653 4490 quos
1698 4426 1868 4469 nunc
1912 4401 2134 4468 dicunt
2176 4404 2622 4481 mathematici,
2680 4403 2771 4467 fa-

574 4516 811 4581 ctores3
870 4509 956 4571 ita
1005 4510 1196 4587 enim,
1252 4531 1440 4594 quum
1495 4512 1562 4573 in
1621 4507 1785 4574 duos
1836 4505 1941 4572 vel
1983 4510 2252 4593 impares
2294 4508 2400 4574 vel
2445 4530 2632 4595 pares
2679 4505 2770 4572 di-
