3109 5175
559 345 701 420 162
1375 346 1450 418 Β
1496 342 1567 416 4.
1650 341 1921 416 mola.

555 524 667 589 dee
693 514 808 586 ‘oie
847 519 1026 586 nieht
1066 520 1548 587 &barach-cites·
1590 519 1829 607 ‘Ru-sen
1846 566 1866 601 ,
1920 520 2030 585 die
2070 517 2266 601 {baeu
2310 517 2629 583 bertinum
2671 518 2761 582 ιἐι

538 627 675 715 seir
714 625 858 691 ihre
897 625 1313 714 Her-rsekffl.
1401 623 1533 691 Sed
1590 624 1676 688 ad
1720 622 2078 708 ἀμοιβαῖος
2120 624 2228 709 qui
2270 621 2542 688 addatur
2584 624 2765 711 geni-

559 734 727 796 tivus
769 727 1024 795 videtur
1066 750 1201 795 non
1246 728 1312 794 id
1356 749 1554 816 posse
1597 728 1979 816 significare,
2023 725 2196 793 unde
2233 732 2440 793 omnis
2478 728 2637 791 haec
2673 730 2767 791 vi-

557 833 866 900 cissitudo
911 854 1220 919 suspensa
1266 844 1377 913 est,
1419 854 1640 898 verum
1685 836 1901 920 potius
1942 832 2030 910 id,
2074 852 2345 918 quocum
2385 829 2623 918 aliquid
2661 831 2771 895 ha-

561 937 675 1004 bet
716 936 1231 1004 vicissitudinem.
1310 937 1531 1024 Quare
1574 941 1778 1026 magis
1821 937 2227 1024 probaverim
2274 935 2448 1024 quod
2477 937 2668 1001 Sturz
2705 945 2771 999 et

563 1041 777 1108 Zeller
821 1042 977 1125 (Ph.
1010 1043 1071 1108 d.
1103 1043 1219 1109 Gr.
1249 1044 1295 1107 1.
1326 1067 1391 1131 p.
1427 1045 1594 1124 177)
1638 1064 1775 1130 παρ
1820 1064 1857 1106 a
1901 1041 2102 1106 verbo
2138 1046 2562 1118 seiunxerunt,
2606 1033 2763 1123 πάρ’

563 1142 878 1226 ἐλήλαται
922 1141 1152 1231 ὅρκου,
1198 1150 1237 1211 i.
1276 1171 1331 1212 e.
1377 1146 1647 1233 delapso
1694 1167 1775 1210 eo
1821 1156 2138 1231 tempore,
2183 1145 2359 1232 quod
2402 1149 2478 1209 iis
2524 1146 2770 1225 (amori

567 1261 633 1315 et
677 1253 1117 1331 contentioni)
1175 1273 1211 1315 a
1267 1250 1486 1316 valido
1546 1253 1920 1341 sacramenti
1970 1252 2229 1314 numine
2274 1253 2451 1336 quasi
2497 1249 2771 1327 ductum,

565 1354 627 1418 h.
664 1376 720 1419 e.
769 1353 1098 1419 definitum
1144 1365 1259 1420 est.
1343 1353 1591 1443 χρόνον
1648 1348 1942 1419 ἐλαύνειν
1997 1354 2077 1419 ad
2137 1355 2409 1420 eundem
2460 1354 2596 1418 fere
2640 1373 2775 1417 mo-

566 1458 716 1525 dum
761 1458 996 1524 dictum
1041 1457 1294 1525 videtur
1337 1482 1414 1525 ac
1458 1454 1719 1548 τάφρον
1763 1453 2075 1524 ἐλαύνειν.

702 1566 905 1629 lfflssb
928 1566 1013 1630 27
1060 1566 1305 1629 τοῦτο
1353 1560 1412 1628 δ’
1453 1559 1869 1628 ἀδύνατον
1913 1598 1989 1632 -,-
2036 1568 2149 1640 εἰς
2193 1556 2554 1649 ἄπειρον.
2623 1561 2774 1626 Sive

567 1690 949 1756 progressus
1009 1689 1340 1733 causarum
1398 1665 1741 1753 aliquando
1786 1667 2032 1746 finitur,
2091 1687 2224 1731 non
2271 1688 2344 1730 ea
2391 1675 2607 1751 potest
2651 1686 2775 1752 pro

568 1776 884 1861 principio
930 1772 1177 1850 haberi,
1222 1793 1385 1858 quae
1429 1774 1567 1858 ipsa
1612 1768 1852 1856 pendet
1897 1793 1973 1836 ex
2018 1771 2184 1849 aliis,
2230 1769 2345 1834 sed
2392 1790 2486 1847 ea,
2533 1793 2607 1835 ex
2653 1792 2775 1856 qua

568 1877 856 1967 pendent
899 1876 1210 1963 reliquae3
1255 1879 1391 1940 sive
1435 1878 1729 1939 statuitur
1769 1895 2153 1963 progressus
2195 1874 2497 1952 infinituS,
2549 1876 2777 1960 princi-

570 1986 663 2069 pii
704 1986 802 2047 vis
848 2004 922 2047 ac
965 1993 1192 2047 natura
1239 1984 1499 2044 omnino
1543 1978 1804 2057 tollitur,
1850 1979 1927 2043 cf.
1976 2004 2021 2042 a
2065 1981 2126 2044 2.

708 2089 910 2153 10006
933 2089 1022 2151 29
1068 2090 1136 2150 εὶ
1180 2088 1264 2148 αὶ
1309 2080 1562 2167 ἀρχαὶ
1605 2078 2346 2170 ἀναιρεθήσονται.
2432 2082 2780 2148 Tolluntur-

571 2194 860 2256 nimirum
908 2192 1239 2276 principia,
1284 2199 1357 2252 ut
1398 2187 1893 2252 demonstratum
1929 2198 2027 2251 est
2063 2191 2128 2252 in
2161 2191 2476 2274 proximis,
2522 2192 2572 2253 si
2607 2191 2777 2275 prin-

575 2297 739 2381 cipia
784 2304 1109 2380 ponantur
1150 2292 1313 2356 fluxa
1362 2303 1427 2356 et
1469 2293 1871 2355 intereuntia.

709 2400 918 2463 loma
965 2399 1009 2461 2
1076 2389 1165 2461 τὸ
1233 2398 1555 2479 πρῶτον
1622 2390 2054 2480 ἀπορηθὲν
2126 2390 2778 2481 ἀποτρώγουσιν.

574 2502 722 2588 Qua
779 2501 1253 2590 significatione
1310 2523 1370 2563 v.
1416 2493 1820 2584 ἀποτρώγειν
1876 2499 2000 2563 huc
2056 2499 2425 2566 translatum
2473 2504 2584 2579 sit,
2644 2521 2781 2564 non

573 2611 723 2673 satis
783 2617 1071 2694 apertum
1130 2617 1228 2670 est
1282 2626 1492 2690 neque
1541 2602 1900 2668 Alexander
1943 2601 2025 2668 ad
2068 2603 2130 2668 h.
2178 2605 2216 2669 l.
2266 2604 2545 2670 dilucide
2589 2603 2783 2691 expli-

575 2716 723 2778 cuit.
814 2711 944 2777 Sed
1004 2708 1179 2797 quod
1232 2707 1549 2796 Schwegl.
1609 2711 2001 2794 comparavit
2053 2709 2313 2774 verbum
2369 2708 2779 2775 vernaculum

574 2814 1257 2894 hiumam-schluchtera,
1317 2812 1384 2876 id
1441 2834 1565 2877 nec
1619 2835 1757 2877 cum
1818 2816 1957 2899 ipsa
2015 2813 2194 2877 verbi
2254 2809 2661 2898 ἀποτρώγειν
2714 2818 2776 2878 vi

485 2974 506 2996 χ
575 2943 699 2987 nee
740 2945 880 2987 cum
927 2923 1226 3006 proximis
1271 2917 1484 2982 verbis
1531 2914 1618 2993 ὡς
1660 2912 1895 3002 μικρόν
1938 2940 1999 2981 τι
2038 2913 2495 3003 λαμβάνοντφ
2528 2917 2781 2983 videtur

577 3028 958 3091 consentire.
1030 3022 1341 3109 Equidem
1387 3023 1603 3106 potius
1648 3019 1993 3108 significari
2037 3032 2250 3107 putem
2298 3022 2609 3087 abrodere
2646 3025 2781 3086 sive

578 3127 891 3204 delibare,
935 3125 1003 3191 id
1049 3138 1147 3191 est
1189 3134 1398 3189 autem
1445 3123 1654 3188 obiter
1700 3135 1990 3212 tangere,
2046 3146 2180 3190 non
2225 3131 2481 3213 penitus
2525 3126 2781 3192 solvere

579 3236 1037 3319 quaestionem,
1080 3233 1319 3318 quippe
1365 3251 1548 3316 quam
1594 3233 1930 3316 praecipua
1979 3252 2176 3316 opera
2211 3231 2535 3320 indiguam
2578 3233 2784 3296 existi-

576 3339 902 3403 moverint.

984 3528 1304 3607 Quaestio
1344 3527 1706 3592 undecima.
1800 3529 2010 3592 loola
2052 3529 2094 3591 4
2125 3564 2206 3578 -
2229 3529 2379 3596 ⁶25.

715 3650 929 3715 Unum
976 3659 1042 3714 et
1083 3670 1197 3713 ens
1241 3658 1448 3712 utrum
1493 3646 1882 3712 substantiae
1926 3651 2055 3712 sint
2094 3669 2174 3726 an
2213 3646 2660 3734 praedicentur
2698 3645 2781 3711 de

580 3751 720 3818 aliis
763 3752 1149 3829 substantiis
1196 3762 1262 3817 et
1302 3750 1743 3817 difficillimum
1789 3755 1878 3816 ait
1924 3773 2063 3816 esse
2107 3762 2174 3816 et
2216 3754 2655 3839 gravissimum
2699 3750 2780 3816 ad

580 3856 1012 3924 iudicandum:
1059 3853 1496 3922 difficillimum
1542 3855 1812 3942 quidem,
1857 3859 2004 3942 quia
2048 3860 2336 3943 quaestio
2382 3869 2670 3922 versetur
2714 3859 2780 3920 in

580 3960 957 4026 notionibus
1011 3963 1275 4025 maxime
1329 3960 1789 4026 universalibus
1837 3971 1902 4026 et
1946 3983 1980 4025 a
2027 3965 2441 4047 perceptione
2485 3982 2781 4026 sensuum

581 4067 1039 4143 remotissimis;
1073 4067 1524 4154 gravissimum,
1565 4068 1709 4151 quia
1741 4065 2091 4130 dirimenda
2122 4069 2204 4130 sit
2231 4087 2613 4131 summorum
2645 4065 2781 4151 phi-

582 4167 1001 4255 losophorum
1061 4169 1372 4234 dissensio
1433 4181 1497 4235 et
1553 4170 1995 4235 constituenda
2048 4174 2176 4235 sint
2217 4173 2455 4257 primae
2500 4169 2785 4257 philoso-

584 4273 775 4360 phiae
828 4277 1153 4361 principia.
1243 4273 1342 4339 Ab
1404 4271 1513 4337 illa
1574 4276 1739 4339 enim
1797 4288 1981 4362 parte
2035 4274 2220 4340 Plato
2281 4288 2345 4340 et
2387 4273 2781 4361 Pythagorei

584 4387 770 4457 stant,
799 4381 870 4443 A
899 4381 959 4444 5.
991 4379 1159 4446 987⁴
1184 4381 1267 4445 15
1297 4401 1447 4466 sqq„
1479 4379 1556 4443 cf.
1587 4379 1781 4466 Phys.
1813 4380 1903 4446 111
1937 4382 1994 4444 4.
2024 4380 2194 4444 203a
2224 4381 2321 4458 16,
2369 4379 2447 4444 ab
2480 4380 2596 4442 hac
2623 4380 2786 4465 phy-

585 4481 822 4572 siologi
866 4504 1102 4563 omnes,
1135 4487 1445 4550 σαί-19.
1528 4484 1659 4549 lam
1704 4488 1755 4549 si
1800 4505 2105 4573 negamus
2150 4505 2343 4549 unum
2391 4495 2458 4550 et
2502 4505 2615 4549 ens
2659 4503 2783 4570 pro
