3109 5175
561 386 698 463 134
1065 372 1083 388 ’
1417 412 1470 458 α
1513 384 1589 458 2.
1663 385 1893 459 9941».

555 563 840 629 formiis
886 584 1072 628 musa
1117 562 1497 628 infinitatem
1541 561 1831 626 admittit.
1904 562 2131 625 Potest
2172 556 2429 645 quiden
2471 557 2770 624 definitio

555 666 946 755 explicandis
990 666 1261 755 singulis
1308 671 1478 731 notis
1523 664 1606 729 ad
1650 665 1835 728 aliam
1869 664 2089 729 reduci
2127 676 2193 727 et
2224 663 2516 733 similiter
2548 684 2773 750 porro,

559 792 691 857 quo
737 774 806 835 in
851 792 1200 858 progressu
1239 773 1569 857 posterior
1608 790 1897 853 quaeque
1940 767 2263 845 definitio,
2320 772 2375 831 si
2434 789 2575 832 eam
2626 788 2772 831 cum

559 879 777 960 priore
835 878 1332 959 comparaveris,
1391 872 1829 958 explicationis
1887 871 2088 935 forma
2146 882 2213 935 et
2258 870 2542 936 dictione
2584 882 2772 935 anda

553 981 706 1055 erit,
761 974 1208 1056 πλεονάζοντα
1263 976 1358 1057 τῷ
1413 973 1606 1058 λόγῳ.
1694 975 1827 1041 Sed
1872 986 1939 1039 et
1980 978 2159 1061 prior
2210 974 2505 1039 definitio
2563 977 2772 1061 magis

555 1079 636 1144 ad
683 1084 882 1165 ipsam
925 1103 1058 1145 rem
1103 1079 1532 1145 definiendam
1578 1084 1853 1165 pertinet
1894 1099 2079 1163 quam
2118 1081 2459 1163 posterior,
2502 1089 2569 1142 et
2607 1097 2771 1141 vero

558 1187 739 1269 prior
782 1187 837 1247 si
881 1205 1015 1248 non
1063 1196 1232 1248 esset
1277 1187 1372 1247 rei
1415 1182 1725 1259 definitio,
1768 1203 1891 1245 nec
1930 1185 2252 1267 posterior
2293 1192 2481 1246 esset.
2556 1180 2636 1244 d.
2685 1179 2774 1244 de

556 1284 778 1351 eadem
812 1309 884 1351 re
917 1288 1098 1353 Anni.
1133 1310 1231 1374 pr.
1267 1287 1296 1350 1
1329 1289 1437 1351 22.
1503 1287 1611 1350 De
1651 1284 1979 1371 particulis
2012 1307 2082 1348 τε
2108 1324 2199 1335 --
2230 1286 2301 1349 δέ
2332 1287 2481 1360 ⁸18,
2522 1287 2609 1348 19
2643 1283 2771 1346 sibi

555 1390 1095 1475 respondentibus
1141 1390 1221 1453 cf.
1265 1391 1476 1454 Herm.
1521 1388 1605 1452 ad
1643 1390 1797 1476 vig.
1840 1410 1905 1475 p.
1946 1389 2097 1452 836.
2170 1388 2467 1474 Hartnng
2504 1387 2675 1450 Part.
2720 1386 2771 1451 1.

556 1517 618 1578 p.
663 1495 806 1558 171.

687 1597 850 1660 99⁴⁸
885 1595 978 1659 2⁰
1028 1597 1148 1659 ἔτι
1201 1594 1294 1660 τὸ
1349 1595 1875 1659 ἐπίστασθαι
1918 1628 2001 1644 -
2046 1593 2133 1657 27
2178 1590 2487 1677 ἀπείρῳ
2532 1587 2771 1657 εἶναι.

557 1696 664 1763 Cf.
697 1697 779 1762 ad
809 1701 979 1762 99⁴·
1008 1701 1110 1763 19.
1179 1698 1564 1762 Infinitatem
1596 1716 1923 1760 musarum
1954 1698 2060 1781 qni
2090 1706 2392 1771 statuunt,
2432 1699 2477 1759 ii
2512 1716 2771 1759 omnem

559 1800 796 1865 tossunt
839 1805 1188 1876 scientiam
1235 1804 1380 1864 sciri
1425 1803 1595 1864 enim
1640 1799 1799 1863 nihil
1842 1809 2078 1884 potest,
2120 1796 2333 1862 donec
2374 1798 2459 1862 ad
2504 1820 2580 1862 ea
2623 1820 2774 1884 per-

557 1906 842 1982 veneris,
896 1925 1062 1989 quae
1117 1926 1253 1968 non
1305 1901 1575 1988 amplius
1618 1906 1705 1966 ita
1751 1899 2119 1965 dividuntur
2160 1913 2229 1965 et
2273 1901 2775 1989 distinguuntur,

557 2021 626 2072 ut
673 2030 893 2072 eorum
941 2010 1231 2094 cognitio
1277 2006 1359 2071 ad
1407 2007 1591 2070 aliam
1632 2004 1741 2070 vel
1778 2008 2211 2091 cognitionem
2242 2003 2351 2068 vel
2382 2027 2636 2070 causam
2668 2026 2774 2070 re-

559 2111 799 2174 feratur
829 2149 912 2162 —
944 2110 1072 2175 hoc
1117 2115 1280 2174 enim
1329 2110 1674 2198 signifi-ri
1718 2109 1973 2172 videtur
2010 2105 2227 2171 verbis
2270 2110 2429 2192 πρὶν
2470 2104 2515 2187 ἢ
2560 2114 2650 2185 εἰς
2689 2102 2773 2173 τά

557 2208 779 2295 ἄτομα
823 2215 1052 2279 ἐλθεῖν
1088 2216 1240 2278 ⁸21.
1330 2216 1496 2278 Huic
1545 2216 1779 2276 rationi
1820 2214 2067 2296 opponi
2110 2232 2245 2274 non
2292 2224 2510 2298 potest
2560 2211 2775 2277 lineae

561 2314 932 2401 exemplum,
977 2338 1138 2403 qnae
1183 2317 1334 2380 licet
1373 2316 1667 2380 infinitae
1710 2314 2005 2378 divisioni
2050 2311 2261 2377 locum
2302 2315 2634 2401 praebeat,
2678 2320 2775 2381 ni-

556 2417 690 2483 hilo
741 2430 948 2482 tamen
994 2422 1200 2484 secius
1247 2432 1702 2505 cognmentum
1748 2416 1915 2481 linea
1964 2419 2129 2480 enim
2174 2437 2309 2481 non
2351 2413 2524 2483 κατὰ
2558 2416 2775 2505 πρόσ-

559 2523 757 2588 θεσιν
803 2535 868 2587 et
911 2525 1235 2606 ἐνεργείᾳ,
1295 2522 1411 2587 sed
1465 2517 1637 2585 κατὰ
1692 2523 2011 2606 διαίρεσιν
2060 2532 2129 2584 et
2166 2517 2442 2606 δυνάμει
2486 2535 2587 2588 est
2630 2523 2776 2588 infi-

559 2627 710 2701 nita,
753 2647 874 2689 nec
911 2626 1468 2711 comprehenditur
1503 2636 1731 2701 mente,
1776 2637 2088 2710 quatenus
2128 2636 2407 2710 potest
2446 2631 2517 2690 in
2560 2628 2775 2693 infini-

561 2739 689 2791 tum
736 2726 952 2805 dividi,
997 2728 1113 2793 sed
1159 2741 1468 2814 quatenus
1515 2731 1702 2791 certis
1748 2728 1985 2792 finibus
2028 2748 2099 2791 re
2140 2749 2292 2791 vera
2337 2743 2465 2794 est
2508 2735 2775 2796 circum-

561 2832 811 2914 scripta,
854 2832 1094 2909 νοῆσαι
1139 2828 1199 2895 δ’
1238 2828 1357 2895 οὐκ
1398 2834 1534 2895 ἔστι
1578 2825 1673 2913 μὴ
1714 2827 2142 2909 στήσαντα
2174 2833 2323 2898 ⁸24.
2400 2833 2623 2918 Quare
2660 2839 2771 2920 qui

562 2936 898 3019 cognoscit
939 2930 1064 3014 τὴν
1106 2928 1378 3018 ἄπειρον
1417 2933 1683 3010 lineam,
1725 2938 1767 2997 i.
1803 2955 1860 2996 e.
1902 2928 2025 3011 τὴν
2068 2931 2168 2997 ἐπ’
2205 2931 2479 3018 ἄπειρον
2520 2937 2774 3024 διαιρε-

558 3033 678 3116 τήν
711 3037 929 3114 (Alex.
956 3060 1023 3122 p.
1051 3039 1194 3114 122,
1231 3040 1367 3116 14),
1403 3040 1460 3099 is
1495 3055 1632 3100 non
1666 3035 1928 3100 inducet
1960 3040 2231 3101 animum
2266 3037 2565 3117 infinitas,
2598 3061 2773 3125 quae

557 3149 905 3224 possunt
937 3140 1098 3214 fieri,
1142 3140 1488 3203 divisiones
1519 3139 1940 3204 dinumerare.
1968 3175 2049 3190 —
2086 3140 2376 3206 Proxima
2408 3143 2605 3207 verba
2636 3145 2773 3210 ⁸25

557 3239 728 3304 ἀλλά
773 3245 885 3306 καὶ
927 3281 1017 3292 -
1060 3244 1145 3309 27
1193 3240 1441 3329 ἀπείρῳ
1486 3239 1653 3308 εἶναι
1696 3244 1847 3329 qnid
1892 3243 2269 3331 significent,
2320 3265 2455 3309 non
2498 3267 2771 3331 possum

559 3347 678 3408 nisi
727 3345 994 3409 obscura
1044 3345 1311 3431 quadam
1359 3346 1756 3410 divinatione
1809 3350 2077 3433 assequi.
2167 3347 2363 3412 Sicuti
2410 3348 2579 3414 linea
2625 3351 2776 3416 infi-

555 3555 621 3615 in
667 3556 927 3615 materia
974 3557 1254 3617 cernitur
1297 3553 1594 3629 infinitas,
1649 3575 1813 3637 quae
1850 3563 2071 3639 potest
2115 3551 2395 3618 infinitas
2438 3560 2505 3620 in
2551 3580 2623 3622 se
2668 3580 2771 3623 re-

555 3658 769 3741 cipere
830 3655 1184 3741 qualitates.
1274 3655 1404 3721 Sed
1463 3659 1735 3741 cogitari
1794 3677 1928 3719 eam
1988 3677 2235 3742 semper
2288 3671 2555 3745 oportet
2610 3672 2771 3726 mm-

555 3781 737 3844 quam
799 3780 959 3844 quae
1015 3761 1169 3822 insit
1221 3761 1330 3821 uni
1387 3756 1634 3820 midam
1694 3778 1767 3822 ex
1824 3763 1901 3823 iis
1954 3759 2177 3839 rebuS,
2233 3784 2397 3848 quae
2448 3775 2629 3828 motu
2690 3786 2770 3829 ac

553 3865 903 3925 mutatione
951 3883 1024 3926 ex
1072 3882 1148 3924 ea
1193 3871 1640 3947 procreantur,
1698 3853 1818 3938 τὴν
1866 3858 2024 3938 ὕλην
2066 3868 2139 3929 ἐν
2180 3871 2538 3950 κινουμένῳ
2580 3878 2769 3932 νοεῖν

555 3960 830 4046 ἀνάγκη.
919 3965 1206 4029 Omnino
1251 3966 1434 4028 notio
1481 3961 1826 4040 infinitatiS,
1870 3959 1947 4028 τὸ
1994 3963 2241 4050 ἀπείρῳ
2284 3965 2468 4046 εἶναι,
2522 3969 2767 4036 nullius

553 4069 646 4129 rei
693 4077 975 4129 naturam
1023 4079 1086 4130 et
1128 4067 1537 4130 substantiam
1586 4069 1888 4140 continet,
1934 4068 2013 4132 cf.
2042 4069 2240 4155 Phys.
2275 4072 2365 4135 m
2404 4074 2634 4148 4—8;
2680 4085 2768 4153 et,

553 4173 604 4232 si
653 4171 1037 4246 contineret,
1095 4171 1230 4254 ipsa
1283 4181 1494 4233 tamen
1537 4172 1722 4232 notio
1767 4169 2123 4252 infinitatis,
2179 4168 2257 4239 τὸ
2302 4173 2551 4261 ἀπείρῳ
2596 4174 2767 4242 εἶναι

551 4273 694 4348 ὑ27,
739 4274 884 4357 quia
933 4274 1114 4336 notio
1161 4281 1273 4350 est,
1317 4293 1450 4335 non
1497 4274 1620 4335 erit
1662 4271 1926 4337 infinita.

683 4375 845 4439 9941»
869 4375 955 4440 27
992 4368 1204 4439 ἀλλά
1236 4367 1394 4458 μὴν
1423 4411 1508 4422 -
1537 4377 1621 4441 31
1662 4373 2145 4453 διεξελθεῖν.
2210 4379 2315 4445 Cf.
2346 4380 2427 4445 ad
2458 4383 2629 4447 994·
2660 4386 2765 4449 19.

557 4457 870 4542 -’τότε
914 4472 1067 4564 γὰρ
1113 4479 1424 4543 εἰδέναι
1467 4479 1602 4542 κτλ.
1672 4477 1777 4544 Cf.
1816 4476 1899 4542 ad
1938 4482 2010 4544 A
2050 4483 2108 4545 1.
2150 4485 2319 4548 98⁰·
2354 4487 2464 4549 22.
