3109 5175
1182 365 1257 437 B
1304 361 1375 437 5.
1459 363 1730 444 10020.
2413 367 2553 444 167

344 548 616 626 pugnet,
661 540 801 605 vice
842 561 1027 606 versa
1070 561 1110 605 e
1154 540 1438 608 sensibili
1471 552 1698 608 natura
1734 564 1946 609 rerum
1981 542 2552 612 mathematicamm

345 654 844 731 argumentatur.
893 647 988 709 Ac
1016 647 1282 731 primum
1313 643 1583 733 quidem,
1615 648 1971 726 als—18,
2002 646 2193 733 plana
2226 670 2303 713 ac
2332 647 2552 729 lineas,

345 768 512 832 quae
556 758 745 813 antea
789 751 1005 834 priora
1050 759 1278 814 natura
1321 750 1700 837 corporibus
1746 773 1886 818 esse
1930 750 2287 830 contendit,
2330 751 2551 818 eadem

344 854 472 916 iam
518 873 556 915 e
600 851 876 941 vulgatis
920 853 1335 938 opinionibus
1373 864 1440 922 et
1474 876 1512 918 e
1551 875 1850 922 sensuum
1889 855 2206 921 evidentia
2243 877 2362 942 pro
2400 876 2551 923 cun·

345 976 531 1021 cesso
577 961 766 1028 sumit
809 961 1171 1023 necessario
1217 961 1428 1023 inesse
1474 958 1882 1044 corporibus;
1930 971 1995 1025 at
2029 959 2321 1045 qualibus
2354 963 2552 1028 insint

345 1061 730 1148 corporibus
775 1061 1039 1128 dubium
1087 1072 1198 1140 est,
1241 1085 1452 1147 quum,
1499 1083 1663 1148 quae
1704 1061 2112 1130 sensibilibus
2154 1067 2374 1129 insunt
2416 1084 2552 1129 cor-

343 1164 641 1251 poribus,
700 1186 774 1229 ea
832 1164 1136 1232 differant
1194 1187 1231 1229 a
1289 1176 1510 1231 natura
1572 1188 1781 1233 rerum
1825 1168 2425 1245 mathematicam,
2479 1173 2552 1234 ἐν

341 1264 476 1354 γὰρ
520 1279 662 1345 τοῖς
705 1271 1064 1347 αἰσθητοῖς
1105 1265 1436 1335 ἀδύνατον
1474 1267 1643 1336 εἶναι
1675 1274 1832 1338 017.
1891 1275 2346 1360 Argumentum
2373 1275 2554 1337 nimi-

346 1395 488 1438 rum
530 1375 794 1460 petitum
842 1384 940 1437 est
984 1393 1060 1438 ex
1103 1378 1417 1440 sententia
1465 1391 1714 1453 eorum,
1772 1380 1881 1462 qui
1928 1375 2122 1442 rebus
2166 1376 2553 1443 mathemati·

345 1482 438 1542 cis
486 1480 834 1542 seiunctam
880 1487 947 1542 et
987 1476 1341 1543 absolutam
1378 1479 1668 1546 tribuunt
1701 1485 2053 1558 essentiam,
2090 1484 2334 1566 pariter
2362 1490 2551 1567 atque

343 1580 509 1648 illud
553 1581 728 1668 quod
776 1580 1073 1646 disseruit
1116 1583 1178 1647 2.
1227 1585 1390 1648 9971>
1425 1585 1512 1648 34
1547 1606 1684 1671 sqq.
1774 1586 1919 1671 lpse
1963 1588 2130 1652 enim
2175 1585 2552 1652 Aristoteles

340 1707 445 1752 res
496 1686 962 1752 mathematicas
1007 1687 1218 1752 inesse
1265 1696 1485 1752 censet
1526 1687 1722 1756 rebus
1770 1688 2206 1768 sensibilibus,
2259 1687 2375 1754 sed
2416 1710 2554 1754 non

343 1800 656 1876 quatenus
688 1800 837 1858 sunt
864 1789 1215 1869 sensibiles,
1245 1792 1310 1856 Z
1339 1794 1441 1857 10.
1474 1794 1688 1858 10364
1715 1794 1818 1860 11.
1865 1797 1952 1862 Μ
1976 1796 2037 1861 3.
2102 1793 2380 1873 Deinde,
2413 1796 2553 1860 ⁸18

343 1895 559 1973 —20‚
617 1893 808 1980 plana
862 1893 1064 1959 lineas
1117 1904 1352 1979 puncta
1412 1892 1854 1963 distinctiones
1904 1920 2046 1964 esse
2089 1918 2429 1983 corporum
2488 1907 2554 1963 et

345 2001 550 2085 ipsum
595 2009 910 2085 tamquam
954 1997 1217 2062 evidens
1254 2001 1457 2077 sumit,
1502 2003 1815 2088 φαίνεται
1848 2005 2015 2079 ⁰183
2057 2002 2211 2067 iude
2248 2001 2427 2087 quod
2464 2001 2553 2067 ef-

343 2102 571 2182 ficitur,
617 2115 688 2168 ut
730 2124 863 2167 non
911 2104 1161 2187 possint
1201 2123 1322 2188 pro
1361 2102 1730 2169 substantiis
1764 2103 2001 2183 baberi,
2044 2103 2283 2171 addere
2322 2107 2552 2172 omisit.

347 2207 423 2272 cf.
473 2210 550 2274 N
581 2208 642 2273 3.
688 2198 890 2274 10906
926 2207 1187 2273 5—13.
1229 2243 1312 2256 —
1360 2207 1647 2287 Accedit,
1682 2211 2039 2288 020-28,
2082 2208 2258 2297 quod
2300 2212 2369 2276 in
2414 2229 2554 2276 cor-

345 2333 509 2398 pore
569 2310 783 2398 aliquo
843 2311 1168 2398 quaelibet
1222 2309 1431 2398 figura
1487 2318 1802 2398 pariter
1851 2313 2135 2401 putanda
2180 2325 2279 2380 est
2319 2318 2551 2380 inesse.

345 2418 474 2481 Iam
522 2439 709 2504 quum
758 2417 1142 2494 Mercurius,
1191 2418 1295 2502 qui
1340 2418 1510 2480 inest
1553 2421 1815 2504 corpori
1859 2414 2152 2502 δυνάμει,
2194 2439 2331 2486 non
2375 2423 2553 2503 ἆνερ·-

342 2521 495 2606 γείᾳ
534 2519 642 2584 vel
687 2518 774 2599 ὡς
815 2519 1282 2612 ἀφωρισμένον
1319 2521 1483 2601 «124,
1542 2542 1677 2592 non
1734 2522 1862 2589 dici
1905 2525 2111 2610 possit
2155 2525 2215 2589 ei
2257 2541 2414 2589 vere
2458 2525 2555 2589 in-

347 2647 516 2692 esse:
575 2630 872 2712 quoniam
934 2626 1153 2695 eadem
1216 2638 1315 2693 est
1371 2629 1652 2693 omnium
1699 2627 2042 2715 figurarum
2093 2630 2290 2705 ratio,
2344 2648 2429 2697 ne
2477 2650 2554 2693 ea

346 2730 599 2816 quidem
643 2730 845 2818 figura
889 2735 1024 2797 sive
1072 2754 1187 2797 eae
1231 2730 1634 2817 superficies,
1679 2732 1906 2819 quibus
1952 2731 2257 2799 definitur
2299 2754 2553 2820 corpus,
2664 2812 2673 2815 -

345 2856 498 2900 vere
554 2856 695 2901 esse
752 2847 1128 2904 statuentur.
1214 2834 1461 2901 Eadem
1510 2840 2001 2923 argumentatio,
2058 2840 2244 2903 sicuti
2288 2836 2373 2903 ad
2416 2858 2553 2903 cor-

342 2960 537 3025 pora,
589 2943 677 3004 ita
724 2939 804 3005 ad
848 2941 1039 3027 plana
1085 2951 1150 3005 et
1190 2939 1393 3004 lineas
1436 2940 1815 3026 pertinebit3
1873 2953 1936 3005 et
1980 2964 2171 3027 quum
2215 2941 2311 3006 bis
2356 2944 2583 3026 potis--

342 3047 564 3109 simum
609 3044 1003 3110 substantiae
1049 3044 1418 3134 dignitatem
1464 3042 1865 3109 tribuendam
1914 3067 2054 3110 esse
2099 3055 2281 3111 antea
2326 3048 2411 3111 sit
2446 3044 2552 3110 de·

342 3158 775 3228 monstratum,
811 3152 967 3228 «226,
1011 3152 1067 3213 si
1112 3151 1270 3213 baec
1311 3151 1556 3235 privata
1595 3160 1744 3214 sunt
1781 3153 2073 3230 essentia,
2116 3147 2317 3215 multo
2364 3152 2550 3215 etiam

341 3256 549 3318 minus
606 3273 878 3338 corpora
935 3263 1241 3340 poterunt
1295 3273 1417 3338 pro
1474 3252 1839 3321 substantiis
1898 3253 2136 3318 baberi.
2194 3293 2283 3305 -
2345 3256 2551 3320 Huius

343 3360 909 3444 argumentationis
957 3357 1125 3423 fraus
1171 3359 1238 3421 iu
1284 3377 1365 3421 eo
1413 3359 1720 3436 cernitur,
1771 3357 1947 3444 quod
1989 3360 2058 3422 in
2102 3361 2552 3444 propositione

343 3460 706 3549 syllogismi
764 3482 872 3525 eas
929 3463 1115 3547 ponit
1167 3460 1438 3548 figuras,
1495 3482 1660 3546 quae
1707 3464 2086 3547 potentia
2130 3472 2371 3527 tautum
2415 3483 2553 3527 cor-

345 3568 492 3650 pori
538 3568 782 3645 insunt,
842 3564 1318 3631 conclusionem
1377 3577 1586 3632 autem
1633 3566 1715 3631 ad
1760 3586 1899 3633 eam
1944 3565 2226 3631 extendit
2266 3565 2553 3654 figuram,

347 3691 510 3755 quae
553 3680 739 3735 actu
768 3690 1000 3754 corpus
1030 3670 1497 3736 circumscribit.
1531 3707 1613 3722 -
1646 3670 1961 3755 Denique,
1984 3669 2380 3748 028—1211,
2403 3670 2554 3736 sub·

347 3776 619 3840 stantiae
663 3774 790 3838 hoc
835 3784 933 3839 est
976 3778 1323 3861 proprium,
1367 3785 1438 3841 ut
1480 3774 1919 3841 intercedente
1953 3777 2371 3862 generatione
2413 3796 2553 3840 esse

345 3881 607 3964 incipiat
652 3888 719 3944 et
756 3882 1166 3963 corruptione
1201 3880 1638 3945 intercedente
1673 3879 1923 3945 desinat
1954 3901 2123 3954 esse;
2170 3890 2236 3942 at
2270 3878 2379 3944 ubi
2415 3901 2554 3945 cor·

347 4003 503 4067 pora
548 3980 746 4047 modo
793 4004 864 4046 se
909 3986 1289 4071 contingunt
1338 3987 1609 4051 invicem
1653 3985 1848 4050 modo
1898 3985 2307 4063 dirimuntur,
2361 3983 2554 4071 plana

349 4107 424 4149 ac
480 4084 690 4151 lineae
747 4085 946 4152 modo
1003 4100 1151 4153 sunt
1206 4088 1403 4152 modo
1461 4111 1595 4154 non
1647 4101 1795 4154 sunt
1838 4091 1980 4153 sine
2024 4090 2442 4176 generatione
2487 4099 2555 4154 et

349 4194 782 4276 corruptione.
871 4192 956 4255 Et
1001 4214 1187 4278 quum
1235 4215 1650 4280 quaecunque
1695 4193 1882 4272 fiunt,
1928 4214 2003 4257 ea
2049 4194 2262 4258 omnia
2308 4214 2380 4256 ex
2425 4212 2555 4256 ma-

350 4298 507 4358 teria
552 4294 821 4382 quadam
864 4295 1049 4374 fiant,
1102 4296 1295 4382 plana
1345 4310 1408 4361 et
1450 4298 1661 4363 lineae
1704 4295 1876 4361 unde
1921 4300 2216 4384 generari
2259 4307 2553 4380 putemus

349 4419 484 4463 non
539 4410 756 4485 potest
813 4398 968 4478 dici,
1027 4402 1095 4465 ἔκ
1139 4423 1315 4476 τινος
1355 4403 1703 4487 γίγνονται
1734 4403 1849 4479 ὁὸ,
1904 4404 2042 4466 sive
2099 4399 2274 4488 quod
2317 4404 2553 4467 rectius

350 4502 601 4569 videtur
646 4504 872 4583 scribi,
915 4516 988 4570 ut
1031 4503 1376 4570 difficultas
1419 4505 1573 4571 inde
1619 4516 1758 4570 orta
1805 4505 2214 4594 significetur,
2264 4510 2334 4570 ἐκ
2377 4508 2555 4580 τίνος
