3109 5175
566 373 704 449 148
1404 370 1478 441 Β
1519 366 1597 440 2.
1671 367 1818 441 997
1837 367 1899 441 b.

563 549 1053 614 mathematicae.
1119 545 1269 609 Hoc
1302 555 1510 610 autem
1547 543 1690 609 fieri
1731 563 1865 609 non
1903 552 2146 630 potest3
2191 565 2461 629 namque
2501 565 2623 611 nec
2660 546 2771 611 im·

561 651 834 719 mobiles
866 670 1007 713 esse
1038 670 1137 713 res
1169 648 1563 737 astrologiae
1593 646 1908 713 subiectas
1938 660 2435 713 consentaneum
2467 657 2578 724 est,
2610 669 2770 732 quo-

562 761 728 823 niam
773 765 982 818 motus
1027 757 1091 817 in
1139 774 1354 817 earum
1400 755 1669 817 notione
1705 756 2064 816 necessario
2103 755 2286 830 inest,
2330 772 2453 815 nec
2489 751 2767 816 mobiles

566 882 706 925 esse
747 868 1036 943 possunt,
1080 867 1308 942 utpote
1352 857 1847 921 mathematicae.
1937 855 2146 939 Quam
2192 859 2255 920 iu
2304 855 2428 918 hoc
2474 853 2768 938 exemplo

565 961 1002 1029 difficultatem
1040 971 1222 1045 parat
1258 959 1625 1025 mobilitatis
1663 961 1863 1036 notio,
1906 958 2190 1038 eandem,
2235 961 2291 1023 si
2328 960 2566 1044 pariter
2604 960 2773 1042 opti-

565 1089 699 1131 cam
746 1076 812 1130 et
845 1067 1268 1129 harmonicam
1310 1062 1707 1150 disciplinam
1746 1067 2109 1140 excusseris,
2152 1060 2468 1127 sensibilis
2508 1070 2772 1125 naturae

567 1172 747 1234 notio
784 1169 1028 1232 afferet.
1097 1168 1288 1254 Quae
1331 1170 1494 1230 euim
1540 1187 1644 1231 res
1683 1168 1778 1231 his
1818 1165 2058 1231 artibus
2094 1165 2418 1231 subiectae
2453 1172 2618 1241 sunt,
2663 1183 2773 1229 eas

567 1286 633 1339 et
675 1271 1010 1337 sensibiles
1057 1293 1199 1335 esse
1245 1279 1504 1354 oportet
1550 1292 1622 1333 ex
1669 1273 1804 1354 ipsa
1851 1268 2069 1334 harum
2116 1272 2337 1332 artium
2377 1270 2662 1344 notione,
2709 1276 2777 1329 et

567 1397 699 1441 non
758 1372 1092 1439 sensibiles
1151 1396 1223 1437 ex
1282 1383 1501 1436 natura
1561 1395 1767 1437 rerum
1824 1374 2419 1437 mathematicarmn.
2512 1368 2775 1454 Quodsi

567 1477 898 1544 sensibiles
955 1500 1057 1541 res
1118 1490 1182 1541 et
1236 1479 1570 1541 sensiones
1626 1474 1864 1540 medias
1912 1498 2050 1540 esse
2095 1478 2419 1552 statueris,
2475 1472 2771 1559 profecto

569 1586 754 1648 etiam
800 1579 1120 1659 animalia,
1164 1601 1327 1665 quae
1372 1578 1514 1643 illas
1560 1583 1871 1658 sentiunt,
1918 1577 2144 1654 eodem
2193 1578 2341 1642 loco
2387 1581 2555 1642 inter
2595 1576 2773 1643 ideas

566 1697 633 1751 et
683 1706 785 1749 res
832 1684 1163 1748 sensibiles
1210 1683 1423 1748 medio
1472 1683 1809 1748 statuenda
1861 1693 2073 1757 erunt;
2118 1682 2183 1746 id
2220 1680 2396 1767 quod
2430 1678 2773 1747 absurdum

567 1810 708 1853 esse
752 1808 872 1874 per
913 1809 984 1852 se
1026 1796 1217 1873 patet.

697 1891 792 1956 lta
831 1891 1101 1956 refutata
1139 1890 1612 1955 Platonicorum
1658 1890 1740 1956 de
1787 1889 1978 1956 rebus
2024 1889 2478 1954 mathematicis
2523 1897 2775 1952 senten-

564 1998 651 2061 tia
696 1994 827 2060 duo
869 1990 1054 2059 ‘addit
1109 2006 1505 2082 argumenta,
1568 2017 1728 2081 quae
1782 1994 2009 2060 eodem
2058 1995 2191 2058 fere
2234 2002 2551 2079 spectant,
2602 1995 2774 2059 9971»

564 2101 874 2164 25—34.
946 2101 1219 2164 Primum
1263 2101 1315 2162 si
1361 2110 1731 2165 constantes
1775 2099 1900 2164 sibi
1943 2101 2099 2185 ipsis
2144 2119 2285 2162 esse
2331 2096 2531 2162 velint
2559 2096 2776 2163 Plato-

565 2206 721 2281 nici,
781 2223 915 2266 non
970 2201 1178 2266 solum
1236 2203 1705 2267 mathematicas
1759 2225 1863 2267 res
1918 2201 2158 2268 medias
2215 2201 2585 2267 statuendas
2632 2222 2773 2265 esse

564 2309 731 2370 inter
786 2304 1122 2369 sensibiles
1181 2315 1246 2369 et
1300 2304 1504 2381 ideas,
1562 2305 1678 2371 sed
1736 2306 2002 2373 eandem
2059 2308 2371 2370 rationem
2422 2305 2504 2370 ad
2551 2325 2772 2368 omnes

565 2430 668 2474 res
711 2412 1051 2494 pertinere,
1098 2429 1258 2494 quae
1297 2409 1564 2497 singulis
1603 2408 1849 2473 sciendi
1886 2407 2230 2496 generibus
2266 2409 2592 2473 subiectae
2627 2410 2772 2472 sint.

565 2505 825 2596 (παρὰ
869 2519 1063 2591 ποῖα,
1122 2510 1293 2598 quod
1340 2516 1564 2599 scripsi
1605 2514 1734 2577 ⁶25
1780 2535 1853 2577 ex
1900 2515 2275 2578 auctoritate
2320 2510 2663 2576 Alexandri
2711 2523 2775 2575 et

565 2618 754 2683 unius
799 2615 1039 2681 codicis
1084 2616 1184 2695 Ε,
1243 2638 1461 2681 verum
1506 2617 1825 2682 videbitur
1871 2618 2350 2683 conferentibus
2393 2618 2548 2682 ⁶28:
2607 2612 2763 2699 παρ’

559 2715 875 2807 ἰατρικήν,
900 2721 1053 2784 ὸ29ε
1083 2717 1240 2803 παρ’
1272 2714 1573 2799 ἑκάστην,
1596 2722 1746 2786 ὸ31ε
1776 2714 1960 2805 παρὰ
1990 2717 2073 2785 τὰ
2104 2716 2461 2800 αὶσθητά).
2513 2718 2774 2783 Deinde

562 2844 648 2892 ne
693 2822 851 2890 illud
899 2821 1151 2908 quidem
1197 2845 1416 2888 verum
1463 2835 1578 2902 est,
1620 2823 1793 2889 unde
1838 2824 2114 2910 profecti
2160 2845 2261 2889 res
2304 2823 2771 2888 mathematicas

561 2924 800 2990 medias
848 2947 990 2989 esse
1042 2924 1505 3005 demonstrant,
1562 2927 1970 3016 geodaesiam
2029 2948 2213 3013 quam
2272 2924 2492 2994 dicunt
2532 2929 2773 2991 versari

562 3031 629 3094 in
675 3028 865 3094 rebus
909 3029 1318 3096 sensibilibus
1363 3029 1640 3116 ideoque
1684 3029 2141 3118 seiungendam
2187 3030 2266 3094 ab
2314 3053 2389 3096 ea
2436 3052 2577 3096 esse
2617 3049 2774 3117 geo-

559 3134 875 3208 metriam3
924 3154 1054 3197 non
1102 3143 1389 3198 versatur
1436 3138 1602 3200 enim
1646 3137 1712 3198 in
1756 3133 2167 3199 sensibilibus
2209 3134 2418 3213 rebus,
2461 3132 2770 3219 siquidem

561 3246 777 3300 manet
819 3237 1287 3302 intereuntibus
1333 3236 1476 3301 illis.
1529 3275 1610 3288 -—
1669 3237 1890 3323 ltaque
1933 3235 2405 3303 Platonicorum
2454 3236 2535 3302 de
2578 3236 2770 3302 rebus

560 3340 1014 3408 mathematicis
1076 3345 1386 3407 sententia
1445 3363 1569 3406 nec
1623 3364 1741 3427 per
1794 3364 1865 3407 se
1909 3352 2189 3428 spectata
2236 3342 2493 3428 probari
2539 3351 2770 3427 potest,

560 3465 770 3530 neque
829 3444 1190 3510 extenditur
1245 3456 1613 3510 constanter
1663 3443 1747 3509 ad
1791 3466 2012 3511 omnes
2057 3445 2495 3533 cognoscendi
2539 3456 2770 3531 partes,

561 3546 642 3612 ad
688 3569 840 3634 quas
886 3548 1193 3613 trahenda
1241 3560 1391 3629 erat,
1440 3571 1561 3616 nec
1604 3548 1788 3614 firmo
1836 3553 2057 3615 nititur
2099 3550 2534 3614 fundamento.

555 3723 559 3730 ‚
690 3654 851 3718 997⁶
875 3653 962 3718 34
994 3649 1206 3717 ἀλλὰ
1237 3645 1394 3737 μὴν
1419 3688 1505 3700 -
1528 3655 1689 3719 998ῠ
1717 3656 1759 3719 6
1792 3649 2049 3742 φύσιν.
2098 3654 2468 3719 Antithesis.
2514 3652 2768 3739 Quodsi

560 3758 700 3840 quis
743 3754 840 3820 his
879 3759 1132 3820 territus
1172 3758 1579 3842 argumentis,
1621 3768 1841 3842 spreto
1873 3756 2159 3822 Platonis
2189 3756 2446 3842 placito,
2490 3756 2769 3842 discipli-

559 3877 674 3922 nas
731 3858 1196 3924 mathematicas
1253 3860 1318 3922 in
1365 3861 1517 3944 ipsis
1563 3860 1753 3926 rebus
1796 3860 2204 3925 sensibilibus
2248 3862 2491 3925 versari
2534 3871 2768 3925 statue-

559 3964 669 4038 rit,
729 3963 796 4025 in
842 3961 1251 4026 difficultates
1297 3961 1537 4028 incidet
1581 3964 1753 4029 haud
1792 3969 2103 4043 minores,
2159 3966 2455 4049 quoniam
2503 3986 2617 4029 eae
2661 3986 2767 4030 res

562 4075 627 4130 et
672 4084 785 4128 eae
829 4062 1223 4142 affectiones,
1268 4063 1486 4151 quales
1532 4076 1602 4131 et
1638 4071 1825 4152 ponit
1861 4079 1927 4133 et
1962 4068 2158 4135 debet
2193 4090 2436 4155 ponere
2473 4066 2578 4133 vel
2612 4089 2771 4156 geo-

559 4168 780 4230 metria
825 4165 933 4231 vel
977 4167 1359 4255 astrologia,
1404 4170 1741 4235 manifesto
1789 4170 2097 4237 differunt
2138 4194 2175 4235 a
2219 4153 2411 4238 rebus
2455 4173 2767 4240 sensibili-

559 4269 696 4335 buS.
758 4270 836 4335 cf.
871 4270 938 4336 K
967 4272 1026 4335 1.
1062 4272 1264 4335 1⁰59⁶
1293 4273 1404 4336 1⁰:
1449 4269 1527 4337 οὐ
1571 4267 1700 4358 γὰρ
1745 4268 1828 4354 δὴ
1871 4277 2019 4361 περὶ
2056 4269 2141 4340 τοὶ
2180 4276 2371 4364 δεῦρο
2416 4281 2769 4360 (πραγμα-

559 4369 809 4440 τεύεται
853 4371 889 4438 ὁ
936 4371 1485 4458 μαθηματικός)·
1543 4372 1791 4443 τούτων
1845 4372 1974 4466 γὰρ
2029 4376 2241 4444 οὐθέν
2284 4384 2459 4445 ἐστιν
2505 4374 2650 4447 οἷον
2693 4384 2769 4445 αἱ

555 4479 1025 4563 μαθηματικαὶ
1069 4477 1333 4559 ζητοῦσι
1365 4482 1493 4546 τῶν
1524 4483 1915 4566 ἐπιστημῶν.
1981 4482 2120 4547 Hac
2146 4485 2397 4550 ratione
2427 4504 2579 4549 usus
2610 4484 2767 4548 Pro-
