3109 5175
578 381 720 457 lot
1406 382 1479 451 Γ
1519 377 1591 454 4.
1673 376 1862 454 1008
1878 399 1945 450 a.

570 581 740 626 mum
797 559 881 624 sit
938 567 1005 623 et
1063 567 1345 634 maneam
1401 556 1561 623 ill-d
1614 559 1669 622 si
1713 564 1964 636 teuent,
2019 563 2131 620 aut
2175 575 2317 621 cum
2362 552 2787 621 affirmatione

573 661 863 751 qualibet
917 665 1328 751 negationem
1383 660 1898 749 coniungendam
1956 669 2221 725 censent
2277 670 2343 725 et
2392 662 2536 726 vice
2578 680 2787 740 versa,

572 775 685 833 aut
727 776 903 831 certe
946 768 1323 853 negationes
1375 764 1676 851 quasdam
1716 786 1861 831 esse
1896 761 2275 840 concedunt,
2320 785 2475 850 quas
2516 783 2651 828 non
2687 785 2789 827 se-

573 880 805 958 quawr
843 869 1209 934 uecessnrio
1252 868 1614 936 affirmatio.
1679 871 1825 934 Hoc
1863 871 1917 934 si
1950 866 2332 944 concedunt,
2377 870 2786 956 negationem

573 974 732 1039 dant
775 986 1007 1039 certam
1054 995 1131 1037 ae
1173 971 1435 1052 firmam,
1481 971 1671 1053 unde,
1716 976 2015 1060 quoniam
2059 970 2380 1036 affirmans
2418 973 2785 1037 enunciatio

573 1090 797 1146 natura
846 1088 911 1143 et
956 1079 1329 1167 cognitione
1369 1080 1551 1165 prior
1597 1086 1694 1142 est
1736 1086 2013 1164 negante
2057 1076 2179 1156 (cf.
2226 1077 2344 1141 An.
2389 1087 2559 1163 post.
2603 1075 2633 1139 1
2677 1076 2785 1140 25.

573 1183 694 1249 86⁶
731 1184 846 1248 34:
896 1176 1012 1247 διὰ
1052 1176 1181 1266 γὰρ
1226 1174 1348 1260 τὴν
1391 1176 1773 1269 κατάφασιν
1817 1178 1859 1261 ἡ
1907 1175 2248 1271 ἀπόφασις
2290 1175 2629 1267 γνώριμος,
2672 1180 2786 1244 καὶ

575 1290 866 1373 προτέρα
911 1284 952 1365 ἡ
999 1281 1376 1374 κατάφασις
1418 1278 1635 1371 ὥσπερ
1678 1285 1790 1349 καὶ
1835 1278 1910 1348 τὸ
1958 1280 2128 1349 εἶναι
2162 1286 2280 1348 τοῦ
2313 1278 2407 1369 μὴ
2447 1279 2629 1350 εἶναι.
2702 1282 2788 1348 de

576 1393 836 1475 interpr.
882 1391 944 1454 5.
994 1391 1115 1454 17⁴
1149 1390 1194 1453 8
1240 1397 1303 1452 et
1346 1389 1579 1452 Waitz
1622 1387 1705 1453 ad
1750 1388 1810 1452 h.
1858 1385 1973 1469 l.)‚
2022 1389 2437 1474 consequitur
2477 1396 2552 1452 ut
2594 1389 2783 1451 etiam

577 1491 917 1557 affirmatio
974 1494 1060 1557 sit
1098 1490 1301 1557 firma.
1390 1492 1504 1558 Sin
1562 1493 1860 1558 universe
1916 1511 2056 1557 cum
2112 1494 2459 1580 negatione
2517 1490 2787 1556 affirma·

577 1600 816 1664 tionem
876 1600 1275 1662 coniunctam
1331 1596 1733 1662 contendunt
1790 1606 1855 1660 et
1908 1598 2211 1674 vicissim,
2274 1606 2387 1661 aut
2442 1594 2786 1660 distinctim

578 1704 985 1788 negotionem
1041 1710 1144 1766 et.
1166 1699 1650 1765 affirmationem
1712 1698 1918 1765 eidem
1972 1703 2068 1765 rei
2125 1699 2317 1765 tribui
2383 1698 2788 1776 confitentur,

578 1815 689 1869 aut
732 1824 866 1870 non
913 1802 1279 1870 concedunt
1321 1802 1512 1868 tribui
1554 1806 1678 1868 nisi
1720 1805 2113 1869 coniunctas.
2193 1806 2327 1869 lam
2370 1807 2478 1891 qui
2523 1807 2790 1870 coniun-

578 1917 713 1973 ctas
755 1906 955 1973 modo
1001 1907 1356 1994 praedicari
1399 1906 1582 1973 iubet
1626 1906 2111 1973 affirmationem
2159 1919 2224 1973 et
2262 1911 2686 1998 negationem,
2730 1911 2786 1973 is

577 2033 665 2079 ne
701 2033 778 2078 ea
813 2011 1068 2099 quidem
1102 2011 1257 2077 dicit
1287 2033 1450 2098 quae
1484 2010 1641 2077 dicit
1676 2009 1798 2094 (οὐ
1831 2014 2002 2096 λέγει
2038 2035 2107 2078 τε
2144 2015 2355 2079 ταῦτα
2388 2013 2588 2094 ⁰21),
2632 2033 2787 2098 quo·

579 2119 748 2183 uiam
790 2115 973 2182 simul
1016 2127 1214 2204 negat
1252 2136 1413 2204 quae
1450 2115 1618 2195 dicit,
1664 2137 1873 2204 neque
1911 2137 2053 2182 esse
2091 2117 2431 2203 quidquam
2467 2121 2789 2204 permittit,

579 2222 691 2286 καὶ
737 2217 855 2286 οὐκ
899 2221 1075 2284 ἔστιν
1119 2217 1346 2285 οὐθέν.
1443 2221 1530 2285 At
1585 2223 1640 2286 si
1698 2242 1773 2286 ex
1831 2221 1952 2285 hac
2005 2223 2319 2287 sententia
2379 2224 2791 2308 consequitur

579 2332 654 2389 ut
695 2322 851 2388 nihil
895 2325 1160 2390 omniuo
1207 2325 1320 2402 sit,
1379 2322 1706 2409 quomodo
1752 2345 1916 2410 quae
1958 2327 2223 2390 omniuo
2268 2345 2404 2390 nou
2448 2336 2624 2406 sunt,
2678 2347 2788 2389 ve-

579 2426 700 2493 luti
756 2428 1046 2496 homiues
1101 2430 1212 2513 qui
1267 2447 1403 2491 non
1459 2438 1639 2508 sunt,
1698 2438 1909 2493 tamen
1964 2429 2177 2496 facere
2222 2428 2562 2516 quidquam
2607 2439 2789 2516 pute-

580 2553 747 2612 muS,
802 2530 981 2619 loqui
1039 2530 1391 2620 procedere
1448 2531 1571 2598 alia
1630 2531 1696 2597 id
1752 2554 1959 2621 genus
2018 2528 2145 2613 (τὰ
2189 2534 2257 2600 δὲ
2301 2531 2394 2619 μὴ
2441 2527 2608 2601 ὄντα
2650 2534 2790 2611 πῶς

581 2630 670 2703 ἂν
725 2633 1102 2727 φθέγξαιτο
1146 2628 1192 2717 ἢ
1230 2636 1566 2719 βαδίσειεν
1613 2638 1768 2718 «222,
1816 2636 1901 2704 τὰ
1947 2632 2041 2722 μὴ
2087 2631 2253 2704 ὄντα
2292 2637 2645 2704 subiectum
2692 2649 2791 2709 est

581 2745 960 2820 enunciati).
1051 2742 1207 2805 Item
1253 2745 1694 2827 consequitur,
1749 2740 1925 2828 quod
1984 2752 2170 2807 antea
2226 2745 2350 2806 iam
2406 2742 2646 2808 dictum
2692 2752 2789 2808 est

586 2847 787 2912 looeb
820 2847 922 2923 17,
970 2846 1177 2910 1⁶07ae
1202 2846 1260 2923 6,
1295 2845 1442 2926 ⁶2⁰,
1487 2856 1559 2912 ut
1602 2848 1813 2910 omnia
1861 2849 1990 2911 siut
2032 2846 2220 2912 idem.
2286 2846 2401 2912 Sin
2448 2846 2788 2912 distinctim

579 2949 776 3015 tribui
821 2950 1196 3036 permittunt
1237 2947 1727 3016 affirmationem
1768 2960 1832 3014 et
1866 2953 2297 3037 negationem,
2338 2953 2639 3037 quoniam
2680 2971 2786 3014 eas

581 3054 840 3119 eidem
877 3056 968 3117 rei
1007 3053 1197 3119 tribui
1236 3053 1479 3131 volunt,
1524 3051 1745 3117 eadem
1784 3052 1935 3118 inde
1973 3053 2352 3134 cfficiuntur,
2398 3076 2563 3142 quae
2600 3063 2787 3119 antea

581 3166 734 3223 sunt
777 3160 1080 3242 exposita.
1171 3155 1437 3221 Accedit
1491 3154 1671 3241 quod
1723 3160 1810 3222 itu
1868 3156 2242 3224 infitiatores
2293 3161 2593 3245 principii
2638 3179 2789 3224 con-

581 3258 980 3326 tradictionis
1039 3270 1104 3325 et
1159 3280 1380 3325 verum
1438 3258 1652 3326 dicere
1707 3282 1932 3327 omnes
1990 3261 2384 3328 contendent
2436 3273 2506 3328 et
2548 3282 2787 3340 omnes,

581 3384 718 3429 non
762 3362 1044 3449 reliqms
1081 3363 1295 3443 modo,
1339 3364 1454 3430 sed
1494 3386 1567 3430 se
1606 3388 1859 3454 quoque
1897 3369 2073 3453 ipsos
2113 3366 2273 3443 falli3
2322 3388 2589 3453 quorum
2626 3364 2787 3432 iuud

581 3466 838 3554 quidem
883 3489 1000 3554 per
1041 3489 1113 3534 se
1158 3470 1555 3536 manifestum
1603 3482 1718 3550 est,
1761 3469 2070 3558 siquidem
2116 3471 2198 3537 de
2244 3474 2465 3558 quavis
2504 3493 2573 3536 re
2610 3469 2790 3558 quid·-

581 3570 741 3638 libet
783 3582 849 3637 et
892 3570 1192 3637 affirmari
1236 3585 1304 3639 et
1343 3578 1568 3663 negari
1613 3575 1862 3654 iubent,
1922 3576 2048 3640 hoc
2102 3585 2310 3639 autem
2358 3584 2489 3640 tum
2536 3573 2785 3640 demum

581 3679 1009 3762 consequitur,
1042 3679 1096 3740 si
1126 3682 1663 3765 assumpserimus,
1697 3699 1887 3743 verae
1924 3677 2361 3743 affirmationis
2390 3677 2613 3743 falsam
2646 3699 2788 3744 esse

581 3783 989 3868 negationem
1047 3789 1113 3845 et
1168 3784 1308 3847 vice
1366 3805 1578 3862 versa,
1638 3802 1827 3870 quam
1885 3803 2027 3847 esse
2070 3785 2449 3869 petitionem
2494 3784 2787 3869 principii

582 3885 719 3969 ipse
776 3882 996 3968 paullo
1054 3897 1206 3971 post
1255 3888 1323 3950 in
1368 3884 1490 3953 alia
1537 3885 2044 3952 adversariorum
2086 3885 2477 3951 refutatione
2524 3884 2789 3950 confite—

581 3995 702 4065 tur,
747 3987 951 4051 10086
985 3991 1043 4053 1.
1133 3988 1332 4076 Quod
1378 3999 1589 4054 autem
1636 3988 1871 4055 deinde
1914 3990 2135 4056 obiicit
2176 3988 2568 4067 adversariis,
2612 3987 2789 4054 nulla

584 4088 668 4154 de
712 4109 782 4154 re
828 4111 966 4157 cum
1013 4095 1089 4157 iis
1133 4114 1325 4180 posse
1361 4091 1686 4180 disputari,
1731 4114 1853 4159 uec
1890 4097 2264 4180 petitionem
2304 4095 2598 4181 principii
2637 4114 2789 4157 con-

579 4194 744 4258 tinet
801 4204 866 4259 et
920 4217 1226 4283 perquam
1281 4198 1679 4263 manifestum
1728 4208 1851 4275 mn
1908 4203 2211 4285 quoniam
2262 4201 2431 4263 enim
2476 4195 2792 4263 definiunt

583 4296 754 4376 nihil,
797 4320 882 4364 ne
927 4299 1241 4386 praebent
1282 4299 1534 4386 quidem
1580 4300 1754 4388 quod
1800 4302 1906 4367 vel
1948 4301 2231 4389 probare
2272 4299 2378 4367 vel
2414 4305 2790 4389 impugnare

584 4399 769 4467 alteri
801 4400 1007 4469 liceat.
1036 4442 1118 4458 -
1150 4406 1223 4470 In
1255 4405 1709 4472 constituendo
1739 4417 1912 4472 textu
1944 4406 2135 4493 qnod,
2170 4425 2205 4461 a
2224 4408 2303 4472 17
2322 4409 2526 4484 -19,
2568 4404 2789 4471 relicta

583 4504 863 4572 Bekkeri
920 4512 1326 4589 recensione,
1380 4530 1563 4595 quam
1619 4509 1839 4576 subtili
1884 4513 2410 4598 interpretatione
2454 4509 2664 4576 Schw.
2709 4507 2792 4574 ad
