3109 5175
586 383 729 460 190
1414 382 1489 454 Γ
1526 379 1599 456 4.
1678 377 1950 455 1006b.

582 558 750 630 εἶναι
793 554 840 641 ἢ
880 554 975 644 μὴ
1019 554 1187 626 εἶναι
1226 556 1378 624 τοδί
1415 559 1456 623 i.
1492 577 1547 623 e.
1595 553 1700 624 ὅτι
1740 550 1829 622 τοὶ
1871 550 2191 643 ὀνόματα,
2233 551 2314 621 τό
2356 577 2431 622 τε
2470 550 2640 621 εἶναι
2674 556 2791 621 καὶ

579 661 657 732 τὸ
703 659 796 751 μὴ
842 659 1025 743 εἶναι,
1071 664 1376 747 σημαίνει
1418 659 1781 750 ὡρισμένον
1824 683 1905 727 τι.
1973 658 2120 743 (Cf.
2162 658 2337 725 Alex.
2383 682 2447 747 p.
2478 660 2626 739 231,
2669 661 2787 725 29:

580 765 883 854 ὀνόματα
940 768 1009 834 δὲ
1065 763 1198 833 εἶπε
1254 768 1366 832 καὶ
1423 761 1501 832 τὸ
1556 763 1725 832 εἶναι
1763 767 1877 831 καὶ
1921 760 1998 831 τὸ
2040 757 2134 850 μὴ
2180 761 2365 830 εἶναι.
2456 763 2657 850 Quod
2702 785 2787 829 ne

578 877 889 951 miremur,
933 894 1122 958 quum
1168 874 1401 958 potius,
1447 870 1593 935 coll.
1642 868 1724 934 de
1769 873 2027 957 interpr.
2074 870 2136 933 2.
2181 868 2242 946 3,
2287 867 2625 933 videantur
2665 862 2788 954 ῥή-

577 1001 762 1063 ματα
818 974 1203 1062 appellanda
1264 996 1432 1054 esse,
1487 974 1569 1039 cf.
1621 973 1777 1039 ibid.
1824 976 1884 1039 3.
1933 973 2048 1038 161»
2092 974 2203 1037 19:
2263 966 2434 1036 αὐτὰ
2489 973 2611 1056 μὲν
2667 960 2788 1037 οὖν

577 1077 747 1147 καθ’
783 1074 989 1146 ἑαυτὰ
1031 1075 1353 1163 λεγόμενα
1395 1072 1482 1143 τὰ
1524 1073 1795 1162 ῥήματα
1841 1071 2144 1161 ὀνόματά
2199 1080 2338 1141 ἐστι
2386 1077 2498 1141 καὶ
2544 1075 2789 1159 σημαί-

576 1207 678 1251 νει
718 1206 799 1249 τι.
889 1183 986 1248 Ac
1039 1184 1383 1269 praecipue
1438 1180 1690 1267 quidem
1747 1201 1891 1245 voc.
1937 1172 2155 1263 ὄνομα
2205 1180 2296 1246 ibi
2351 1202 2532 1245 suum
2591 1177 2789 1243 habet

576 1287 820 1367 locum,
882 1284 995 1352 ubi
1051 1289 1403 1372 opponitur
1457 1287 1710 1350 notioni
1768 1306 1843 1348 ac
1898 1284 2388 1371 significationi,
2444 1287 2539 1368 τῷ
2593 1278 2787 1367 λόγῳ,

577 1393 659 1457 cf.
706 1394 1005 1477 opposita
1050 1392 1217 1454 iuter
1260 1411 1331 1454 se
1376 1382 1593 1474 ὄνομα
1639 1399 1706 1454 et
1747 1382 1943 1471 λόγος
1989 1390 2156 1475 Top.
2200 1390 2266 1452 V
2307 1391 2369 1454 2.
2414 1390 2581 1454 130⁰
2615 1388 2676 1466 2,
2720 1389 2785 1452 9.

576 1498 639 1561 9.
684 1495 846 1560 1390
872 1496 976 1559 11.
1006 1494 1102 1558 vl
1136 1496 1194 1558 1.
1223 1494 1393 1558 139«
1422 1494 1527 1558 25.
1578 1496 1637 1559 7.
1672 1493 1838 1558 1460
1861 1493 1966 1557 34.
2000 1490 2121 1573 al.)
2153 1531 2242 1543 —
2269 1491 2528 1557 Deinde
2557 1493 2787 1555 transit

579 1598 660 1665 ad
706 1602 831 1663 vim
876 1597 1355 1687 significativam
1401 1599 1704 1675 nominis,
1763 1595 1938 1682 quod
1997 1596 2267 1661 subiecti
2323 1595 2536 1662 locum
2592 1592 2787 1659 habet

578 1706 709 1769 ⁰31
757 1704 850 1767 ἔτι
894 1706 949 1767 εὶ
991 1738 1079 1751 —-
1115 1703 1247 1767 ⁶13
1293 1707 1625 1783 σημαῖνον
1668 1705 1754 1766 ἓν.
1823 1700 1893 1765 Si
1936 1699 2113 1786 quod
2150 1721 2384 1765 nomen
2421 1698 2784 1788 siguificare

578 1806 898 1894 quidpiam
954 1804 1246 1885 dicimuS,
1302 1803 1505 1869 veluti
1562 1805 1616 1868 si
1665 1825 1903 1870 nomen
1947 1806 2179 1870 homo
2227 1802 2587 1893 siguificare
2633 1802 2787 1868 dici·

576 1933 715 1977 mus
760 1909 1049 1976 animal
1093 1909 1360 1996 bipes,
1403 1930 1539 1974 non
1585 1908 1712 1974 hoc
1748 1907 2027 1989 dicimus,
2073 1909 2425 1996 praedicari
2470 1927 2666 1994 posse
2702 1904 2784 1971 de

576 2015 837 2081 homine
881 2013 1111 2079 animal
1152 2013 1366 2102 bipeS‚
1416 2013 1524 2080 vel
1570 2013 1857 2079 accidere
1902 2016 2141 2079 homiui
2187 2022 2260 2079 ut
2302 2014 2385 2078 sit
2428 2011 2610 2098 bipes
2655 2012 2785 2074 ani-

576 2120 732 2199 mal,
789 2118 904 2184 sed
949 2121 1035 2183 ita
1079 2122 1147 2183 in
1191 2140 1271 2184 eo
1317 2122 1493 2183 cerni
1535 2121 1874 2185 notionem
1922 2140 1998 2182 ac
2039 2116 2452 2182 substantiam
2494 2115 2785 2192 hominis,

578 2233 651 2288 ut
694 2220 1004 2309 quidquid
1051 2220 1294 2286 dicatur
1339 2244 1481 2288 esse
1522 2224 1750 2299 homo,
1805 2220 1975 2286 idem
2032 2219 2371 2286 dicendum
2428 2223 2512 2286 sit
2561 2228 2785 2305 suapte

577 2336 803 2392 natura
851 2347 926 2389 ac
967 2322 1319 2389 substantia
1367 2347 1506 2391 esse
1552 2323 1783 2391 animal
1827 2324 2038 2411 bipes,
2083 2317 2171 2390 ἂν
2211 2315 2254 2418 ᾖ
2295 2348 2357 2389 τι
2403 2318 2786 2408 ἄνθρωπος,

577 2426 755 2496 τοῦτ’
796 2432 950 2510 (int.
995 2421 1073 2493 τὸ
1120 2421 1287 2492 εἶναι
1329 2428 1498 2512 ζῷον
1543 2429 1819 2510 δίπουν)
1863 2431 2048 2495 ἔσται
2090 2433 2218 2510 (sc.
2265 2427 2484 2511 αὐτῷ)
2540 2420 2618 2491 τὸ
2664 2423 2785 2491 ἀν·

577 2529 834 2622 θρώπῳ
870 2530 1039 2600 εἶναι
1071 2529 1224 2610 «233,
1254 2530 1334 2597 cf.
1362 2534 1530 2620 Top.
1555 2534 1653 2599 VI
1685 2536 1744 2600 l.
1777 2536 1944 2619 1:39«
1968 2535 2084 2600 25:
2125 2528 2294 2599 καθ’
2328 2522 2410 2598 οὗ
2441 2524 2518 2597 τὸ
2552 2522 2784 2615 ὄνομα,

577 2642 690 2705 καὶ
731 2631 851 2705 τὸν
894 2633 1127 2722 λόγον·
1185 2637 1285 2702 δεῖ
1337 2631 1466 2724 γὰρ
1525 2630 1645 2703 τὸν
1698 2640 1823 2704 ,τοῦ
1876 2632 2248 2725 ἀνθρώπου
2294 2628 2572 2724 ὁρισμὸν
2613 2629 2786 2700 κατὰ

576 2736 828 2819 παντὸς
870 2736 1238 2828 ἀνθρώπου
1281 2736 1769 2820 ἀληθεύεσθαι.
1857 2743 1933 2808 In
1992 2743 2118 2807 hoc
2164 2762 2319 2807 vera
2362 2744 2459 2805 vis
2506 2743 2787 2804 cernitur

576 2844 1001 2935 significandi,
1042 2856 1249 2910 utrum
1281 2855 1489 2910 autem
1520 2849 1782 2912 nomine
1812 2845 2027 2933 aliquo
2060 2852 2252 2911 unum
2284 2845 2563 2911 dicamus
2594 2846 2786 2931 sigui-

575 2950 757 3016 ficari
800 2972 881 3015 an
925 2948 1142 3036 plura,
1196 2949 1395 3015 modo
1445 2949 1629 3015 finita
1673 2972 1972 3030 numeru,
2031 2948 2189 3015 nihil
2233 2948 2315 3014 ad
2359 2970 2493 3013 rem
2540 2947 2784 3025 differt3

576 3054 795 3142 plures
833 3057 1018 3131 enim,
1053 3052 1169 3117 sed
1207 3074 1322 3118 eae
1356 3052 1578 3117 finitae
1617 3054 1898 3119 eiusdem
1929 3057 2205 3118 nominis
2241 3057 2542 3118 notiones
2577 3050 2786 3118 diver-

577 3160 665 3222 sis
693 3155 1053 3222 nominibus
1084 3166 1387 3243 poterunt
1423 3155 1754 3245 distingui3
1794 3157 2039 3224 infinita
2078 3170 2287 3224 autem
2329 3160 2436 3244 qui
2469 3155 2637 3221 idem
2668 3176 2787 3221 no-

577 3281 726 3325 men
756 3258 1117 3349 siguificare
1156 3258 1576 3341 contenderit,
1605 3264 1659 3326 is
1693 3283 1763 3327 re
1791 3284 1946 3327 vera
1976 3262 2131 3329 nihil
2162 3260 2481 3350 significat
2509 3281 2784 3326 omnem—

579 3386 702 3452 que
744 3363 851 3428 vel
897 3364 1262 3451 disputandi
1303 3363 1410 3430 vel
1456 3369 1719 3432 omuino
1766 3367 2093 3455 cogitandi
2137 3366 2497 3431 facultatem
2534 3369 2781 3432 evertit.

576 3504 666 3519 —
700 3470 787 3534 1⁵2
831 3479 1132 3556 punctum
1190 3480 1341 3556 post
1398 3464 1614 3554 ὄνομα
1671 3473 1947 3559 itemque
1990 3472 2074 3535 ⁶4
2119 3480 2423 3558 punctum
2480 3479 2630 3556 post
2682 3471 2782 3535 ‹51-

576 3594 745 3640 πουν
800 3571 1011 3638 delevi
1067 3584 1321 3639 secutus
1378 3573 1850 3639 similitudinem
1897 3577 2358 3640 enunciationis
2405 3572 2784 3639 anteceden-

576 3679 674 3758 tis,
718 3677 798 3741 cf.
845 3676 1004 3744 obs.
1051 3701 1116 3765 p.
1150 3680 1254 3743 10.
1302 3714 1380 3730 -—
1440 3678 1785 3764 optativus
1833 3676 1958 3745 εἷεν
2002 3679 2071 3743 δὲ
2114 3700 2236 3766 pro
2284 3682 2405 3744 εἰσὶ
2449 3679 2551 3758 δὲ,
2594 3699 2782 3766 quem

578 3779 830 3846 exhibet
858 3780 1003 3846 cod.
1037 3780 1148 3862 Ab,
1198 3793 1296 3848 est
1338 3804 1493 3848 sane
1535 3806 1650 3848 eur
1678 3782 1930 3870 placeat
1971 3782 2091 3863 (cf.
2125 3784 2349 3847 Breier
2374 3783 2522 3846 Jen.
2555 3784 2676 3847 Lit.
2709 3785 2780 3846 Z.

579 3886 772 3951 1843.
818 3885 900 3950 N.
934 3887 1123 3966 219),
1168 3885 1283 3952 sed
1327 3886 1498 3952 haud
1542 3891 1679 3951 scio
1724 3907 1807 3951 au
1853 3886 2247 3952 emendatori
2292 3886 2618 3952 debeatur.

713 3990 916 4053 10066
955 3991 1039 4054 13
1085 3987 1177 4055 οὐ
1221 3984 1315 4072 δὴ
1358 4027 1446 4040 —-
1503 3992 1591 4056 34
1636 3984 2113 4078 ἄνθρωπον.
2189 3992 2302 4056 His
2360 3995 2554 4080 igitur
2608 3990 2782 4078 posi-

575 4093 657 4157 tis
702 4084 880 4174 (δὴ)
938 4092 1331 4160 demonstrat
1371 4092 1529 4159 'fieri
1588 4114 1721 4158 uon
1774 4116 1967 4181 posse
2010 4107 2084 4162 ut
2124 4095 2291 4162 idem
2334 4116 2491 4161 vere
2535 4094 2783 4159 dicatur

577 4205 645 4260 et
702 4216 841 4261 esse
911 4197 1105 4263 homo
1164 4209 1230 4264 et
1287 4221 1421 4265 nou
1483 4220 1623 4264 esse
1678 4199 1903 4280 homo,
1955 4203 2103 4267 ⁶33.
2206 4199 2406 4288 Quod
2461 4210 2535 4265 ut
2590 4219 2782 4286 appa-

574 4309 740 4380 reat,
793 4301 1097 4390 religiose
1153 4302 1495 4369 teuendum
1542 4312 1642 4368 est
1685 4302 1837 4389 quid
1882 4307 1965 4370 sit
2007 4305 2180 4392 quod
2226 4304 2490 4371 dicimus
2535 4305 2779 4387 σημαί-

574 4425 712 4470 νειν
767 4410 866 4484 ἓν,
926 4427 1136 4494 neque
1197 4405 1706 4493 pei-miscendum
1764 4430 1903 4474 cum
1962 4430 2042 4475 eo
2104 4408 2279 4497 quod
2338 4409 2602 4475 dicimus
2658 4426 2781 4487 ση-

573 4510 833 4593 μαίνειν
866 4507 1035 4577 καθ’
1063 4506 1212 4589 ἑνός
1241 4514 1389 4579 ῠ14.
1452 4513 1763 4578 Nimirum
1797 4535 1915 4600 per
1946 4517 2290 4600 σημαίνειν
2325 4518 2393 4581 ἓν
2427 4516 2627 4601 ipsam
2662 4532 2780 4578 no·
