3109 5175
534 392 678 467 310
1365 396 1438 464 Ζ
1481 390 1546 464 4.
1634 390 1903 464 103οα.

534 566 1005 655 quodammodo
1048 567 1308 654 reliquis
1350 571 1536 632 etiam
1579 569 1939 655 categoriis
2016 568 2192 631 Haec
2234 565 2438 631 laxior
2475 567 2592 632 τοῦ
2629 585 2741 645 τηε

533 672 919 762 significatio
961 676 1298 737 coniuncta
1341 683 1437 737 est
1471 675 1781 736 artissime
1820 693 1960 736 cum
2005 673 2183 735 vario
2230 672 2348 735 τοῦ
2394 666 2561 735 εἶναι
2606 691 2742 747 usu,

517 777 779 863 ‚qualem
824 781 1043 842 statuit
1079 776 1519 864 philosophus,
1597 777 1792 840 Esse
1839 779 2004 841 enim
2041 773 2192 838 licet
2232 777 2527 860 primaria
2567 776 2629 838 vi
2668 795 2744 838 ac

532 891 854 968 potestate
898 881 1246 946 substantia
1293 880 1567 956 dicatur,
1614 890 1822 943 tamen
1869 882 2002 944 eius
2048 881 2334 943 notionis
2376 881 2475 956 Yis
2520 880 2607 942 ita
2654 889 2743 942 at-

522 995 840 1060 tenuatur,
887 996 957 1049 nt
998 985 1256 1070 reliquis
1300 987 1484 1049 etiam
1523 982 1834 1048 tribuatur
1873 984 2230 1069 categoriis.
2301 980 2491 1066 Quae'
2521 1002 2743 1046 omnes

533 1112 719 1175 quum
768 1088 1063 1153 dicuntur
1109 1111 1265 1166 esse,
1319 1088 1383 1154 id
1432 1091 1634 1173 ipsum
1682 1096 1752 1151 ut
1796 1089 1923 1151 sint
1966 1108 2088 1150 nec
2133 1085 2351 1150 eadem
2400 1088 2463 1148 vi
2508 1106 2584 1148 ac
2630 1106 2743 1152 no·

427 1201 434 1216 ⁸
532 1197 710 1258 tione
757 1192 1050 1258 tribuitur
1096 1190 1392 1256 omnibns
1437 1187 1885 1274 (συνωνύμως,
1931 1189 2033 1254 vel
2081 1188 2255 1275 quod
2294 1188 2422 1253 hoc
2459 1187 2609 1253 loco
2652 1187 2747 1252 di-

534 1298 619 1360 cit
665 1291 971 1370 ὡσαύτως
1006 1296 1159 1373 «135,
1203 1291 1371 1359 καθ’
1411 1301 1479 1361 ἕν
1514 1296 1659 1374 ῠ3),
1705 1316 1826 1358 nec
1870 1305 2082 1358 tamen
2125 1312 2242 1378 per
2276 1313 2508 1356 meram
2541 1293 2745 1356 nomi·

534 1401 632 1462 nis
677 1397 1069 1476 identitatem
1117 1397 1366 1462 diversa
1425 1419 1688 1484 prorsus
1744 1409 1808 1462 et
1854 1397 2167 1462 disiuncta
2212 1398 2481 1460 notione
2528 1391 2744 1477 (ὁμω-

531 1496 750 1584 νύμως
785 1502 937 1581 «34,
981 1502 1138 1583 ⁶3),
1195 1500 1308 1566 sed
1366 1512 1708 1588 propterea
1770 1500 1943 1587 quod
2003 1500 2084 1565 ad
2141 1521 2334 1565 unum
2380 1520 2457 1564 ac
2498 1501 2745 1585 potissi-

532 1628 701 1668 mum
746 1627 951 1694 genus
993 1608 1115 1669 τοῦ
1162 1602 1344 1683 εἶναι,
1390 1605 1469 1671 ad
1515 1607 1925 1670 substantiam
1972 1604 2137 1682 dico,
2183 1602 2426 1688 reliqua
2464 1602 2747 1667 referun-

531 1721 637 1773 tur
685 1712 893 1773 omnia
942 1701 1146 1791 (πρὸς
1191 1713 1261 1774 ἕν
1297 1710 1442 1791 ⁶3),
1491 1709 1570 1773 cf.
1618 1709 1699 1774 ad
1734 1709 1803 1773 Γ
1827 1711 1889 1773 2.
1925 1709 2138 1774 10030
2167 1709 2273 1772 33.
2352 1705 2529 1790 Quid
2569 1703 2746 1792 quod

533 1813 721 1877 etiam
769 1810 925 1876 illud
974 1833 1152 1876 esse
1197 1812 1321 1876 huc
1364 1812 1575 1891 refert,
1622 1833 1750 1898 quo
1790 1833 1922 1876 non
1965 1813 2389 1877 exsistentiam
2427 1809 2746 1898 significa-

531 1909 688 1994 mus,
726 1914 839 1980 sed
876 1915 1224 2001 praedicati
1261 1923 1402 1981 cum
1436 1915 1727 1981 subiecto
1768 1918 2280 1980 coniunctionem
2320 1916 2482 1979 025:
2528 1908 2742 1999 ὥσπερ

533 2020 639 2084 ἐπὶ
682 2019 804 2083 τοῦ
845 2013 938 2103 μὴ
986 2011 1178 2095 ὄντος
1222 2020 1495 2103 λογικῶς
1539 2021 1713 2108 φασί
1754 2042 1924 2108 τινες
1969 2014 2184 2085 εἶναι
2228 2010 2304 2082 τὸ
2350 2011 2443 2101 μὴ
2484 2011 2580 2095 ὄν,
2627 2013 2745 2101 οὐχ

533 2120 759 2200 ἁπλῶς
788 2117 962 2188 ἀλλὰ
990 2117 1082 2204 μὴ
1116 2117 1211 2201 ὅν,
1250 2127 1539 2189 nimirum
1573 2125 1917 2207 λογικῶς
1951 2122 2065 2202 (cf.
2098 2120 2359 2186 ad-T3.
2395 2123 2597 2186 100511
2620 2123 2744 2200 22)

532 2229 854 2291 non-enti
911 2225 1200 2291 tribuunt
1255 2236 1328 2292 ut
1381 2231 1491 2307 sit,
1549 2231 1692 2314 quia
1753 2249 1892 2292 esse
1950 2224 2110 2292 illud
2167 2224 2385 2289 dicunt
2432 2228 2497 2289 in
2553 2247 2744 2311 expo-

532 2329 750 2394 nendo
809 2326 1020 2411 λόγῳ
1077 2329 1197 2394 τοῦ
1248 2324 1342 2413 μὴ
1400 2325 1621 2408 ὄντος,
1679 2352 1887 2417 neque
1932 2352 2088 2394 vero
2137 2329 2216 2394 ad
2263 2328 2738 2418 significandam

535 2435 672 2498 eius
721 2435 1173 2510 exsistentiam,
1230 2433 1309 2497 cf.
1356 2433 1438 2499 de
1483 2437 1740 2521 interpr.
1790 2436 1893 2500 11.
1937 2436 2063 2499 210
2100 2435 2214 2499 32:
2270 2428 2348 2499 τὸ
2396 2433 2465 2499 δὲ
2507 2429 2599 2517 μὴ
2646 2427 2742 2514 ὅν,

533 2530 638 2603 ὅτι
697 2531 1053 2616 δοξαστόν,
1112 2533 1231 2603 οὐκ
1285 2533 1542 2618 ἀληθὲς
1597 2543 1800 2605 εἰπεῖν
1856 2532 1935 2605 ὄν
1988 2558 2082 2604 τι·
2142 2533 2304 2616 δόξα
2359 2532 2488 2623 γὰρ
2534 2535 2742 2604 αὐτοῦ

534 2642 713 2706 ἐστὶν
752 2638 871 2727 οὐχ
916 2637 1021 2707 ὅτι
1065 2644 1240 2707 ἔστιν
1283 2638 1430 2706 ἀλλ’
1467 2639 1569 2708 ὅτι
1606 2641 1724 2709 οὐκ
1757 2645 1949 2710 ἔστιν.
2002 2643 2071 2707 Γ
2091 2645 2154 2708 2.
2186 2645 2389 2708 1003ῡ
2415 2645 2519 2707 10.
2571 2647 2646 2708 Λ
2679 2646 2738 2707 l.

536 2746 746 2809 1⁰69a
782 2746 890 2810 23.
949 2745 1144 2832 Phys.
1177 2747 1202 2810 1
1241 2749 1303 2812 3.
1355 2750 1520 2812 187³
1549 2751 1611 2814 5.
1688 2749 1885 2812 Esse
1929 2751 2123 2836 igitur
2164 2747 2259 2810 his
2305 2745 2741 2832 similibusque

532 2846 722 2913 rebus
769 2849 1057 2917 tribuunt
1100 2872 1233 2916 non
1281 2851 1663 2938 simpliciter,
1708 2852 1822 2917 sed
1861 2850 2332 2934 προστιθέντες
2368 2851 2518 2929 α33,
2562 2854 2741 2915 nimi-

531 2973 667 3015 rum
712 2946 790 3017 τὸ
833 2951 1421 3043 κατηγορούμενον,
1464 2955 1569 3020 vel
1613 2956 1777 3022 idem
1816 2977 1934 3040 per
1972 2951 2342 3040 particulam
2377 2958 2738 3043 negativam

534 3051 990 3145 ἀφαιροῦντες.
1083 3056 1280 3144 Quod
1326 3062 1378 3123 si
1428 3081 1603 3123 esse
1649 3056 2050 3122 multifariam
2096 3069 2462 3144 usurpatur,
2519 3079 2741 3123 conse-

534 3179 732 3243 quens
789 3158 942 3223 inde
1002 3172 1124 3241 est,
1184 3172 1254 3226 ut
1309 3165 1495 3226 etiam
1547 3184 1619 3226 ea
1667 3164 1984 3248 quaestio,
2043 3183 2164 3247 qua
2212 3163 2362 3248 quid
2408 3166 2490 3227 sit
2532 3162 2736 3248 aliqua

530 3282 633 3325 res
674 3266 1043 3347 quaerimus,
1088 3262 1166 3330 τὸ
1212 3266 1278 3330 τί
1319 3270 1473 3343 ἐστι,
1517 3266 1735 3352 plures
1766 3250 1999 3330 habeat
2025 3265 2543 3353 significationes
2605 3268 2738 3331 Pri-

528 3387 698 3429 mum
746 3371 908 3431 enim
957 3378 1021 3432 et
1060 3372 1235 3455 quasi
1273 3392 1453 3435 suum
1496 3368 1706 3435 locum
1744 3371 1953 3449 habet,
1998 3370 2106 3453 ubi
2153 3371 2356 3455 ipsum
2405 3392 2583 3435 esse
2623 3392 2737 3457 po-

528 3471 763 3533 tissima
811 3473 873 3536 vi
919 3477 1392 3558 pronunciatur,
1438 3477 1502 3538 in
1549 3474 1971 3562 significanda
2001 3473 2368 3553 substantia,
2412 3474 2585 3539 unde
2616 3475 2737 3539 fre-

530 3595 730 3659 quens
777 3585 875 3640 est
904 3576 1232 3642 Aristoteli
1278 3570 1353 3643 τὸ
1397 3580 1463 3643 τί
1506 3583 1647 3643 ἐστι
1687 3600 1995 3665 usurpare
2039 3577 2120 3642 ad
2159 3577 2583 3644 denotandam
2614 3580 2737 3665 pri-

529 3699 690 3741 mam
736 3681 974 3745 entium
1021 3683 1424 3769 categoriam,
1468 3682 1547 3746 cf.
1594 3681 1674 3746 ad
1724 3684 1788 3747 E
1824 3685 1886 3748 2.
1936 3685 2145 3749 1026α
2180 3687 2286 3749 36.
2367 3683 2496 3749 Sed
2543 3706 2735 3769 quum

531 3783 719 3846 etiam
767 3784 833 3847 in
879 3783 1137 3871 reliquis
1182 3795 1437 3872 praeter
1490 3786 1901 3853 substantiam
1962 3788 2209 3853 entibus
2255 3790 2475 3874 quaeri
2515 3791 2736 3874 possit,

530 3883 680 3968 quid
726 3907 831 3950 res
874 3891 958 3952 sit
1004 3901 1069 3954 et
1114 3911 1274 3976 quae
1320 3891 1403 3952 sit
1448 3893 1587 3954 eius
1633 3901 1885 3970 natura,
1940 3885 2018 3957 τὸ
2073 3894 2139 3956 τί
2195 3894 2328 3957 ἐστι
2389 3914 2582 3957 sensu
2626 3895 2733 3956 mi-

528 4007 647 4050 nus
706 3994 975 4086 proprio
1035 3991 1266 4057 deinde
1324 3993 1407 4058 ad
1465 3993 1622 4058 haec
1681 3997 1864 4059 etiam
1923 4005 2138 4082 potest
2184 3995 2541 4072 transferri,
2598 4016 2732 4060 non

527 4090 906 4176 simpliciter,
952 4095 1067 4160 sed
1105 4095 1349 4161 adiecta
1389 4100 1452 4160 in
1490 4101 1625 4183 ipsa
1659 4101 2029 4183 quaestione
2064 4122 2138 4163 ea
2171 4102 2511 4187 categoria,
2556 4102 2731 4165 cuius

528 4198 884 4280 quaerimus
941 4195 1264 4277 naturam,
1315 4201 1380 4264 τί
1432 4204 1569 4265 ἐστι
1611 4197 1833 4279 ποιόν,
1893 4205 1955 4267 τί
1998 4207 2135 4269 ἐστι
2178 4199 2391 4269 ποσόν
2429 4204 2584 4267 α23.
2651 4202 2729 4268 cf.

531 4301 696 4386 Top.
738 4301 763 4364 l
805 4305 864 4366 9.
905 4302 1201 4367 1031227:
1251 4303 1455 4381 δῆλον
1499 4301 1559 4366 δ’
1598 4301 1666 4383 ἐξ
1710 4303 1923 4371 αὐτῶν
1968 4302 2071 4371 ὅτι
2117 4304 2153 4372 ὁ
2200 4301 2277 4383 τὸ
2322 4310 2389 4372 τί
2432 4310 2569 4371 ἐστι
2612 4327 2729 4385 ση-

525 4406 780 4486 μαίνων
834 4403 942 4470 ὁτὲ
996 4407 1118 4488 μὲν
1161 4403 1395 4472 οὐσίαν
1439 4410 1744 4492 σημαίνει
1786 4408 1893 4475 ὁτὲ
1940 4410 2009 4475 δὲ
2051 4406 2274 4489 ποιόν,
2334 4407 2441 4475 ὁτὲ
2486 4411 2555 4474 δὲ
2605 4412 2730 4474 τῶν

525 4501 744 4572 ἄλλων
789 4501 934 4573 τινὰ
978 4510 1403 4599 κατηγοριῶν.
1489 4506 1654 4579 ὅταν
1711 4516 1830 4596 μὲν
1873 4506 2001 4599 γὰρ
2047 4518 2410 4598 ἐκκειμένου
2455 4508 2729 4602 ἀνθρώ-
