3109 5175
1164 386 1250 456 N
1287 382 1360 457 2.
1444 381 1714 458 1089a.
2398 384 2542 459 575
2617 457 2630 468 .

328 585 471 631 esse
513 572 770 652 praeter
812 562 939 627 hoc
982 564 1189 648 ipsum
1240 581 1371 627 ene.
1464 562 1650 626 Hanc
1693 563 2303 649 argumentationem
2352 585 2541 649 quum

327 666 638 755 probaret
682 666 901 744 Plato,
945 678 1019 734 ut
1063 668 1331 745 entium,
1374 669 1416 729 i.
1452 687 1509 732 e.
1553 664 1861 745 idearum,
1903 663 2370 730 multitudinem
2413 690 2544 733 mu·-

329 777 497 838 niret
541 772 844 838 adversus
875 771 1323 838 Parmfflideas
1354 773 1653 848 rationeS,
1698 772 2126 856 propositioni
2157 774 2380 836 maiori
2416 771 2544 856 syl-

329 877 604 964 logismi,
650 898 772 962 qua
818 899 1118 943 non-ens
1158 879 1425 944 omnino
1458 896 1592 940 non
1628 895 1770 940 esse
1803 873 2058 953 dixerat,
2106 874 2542 940 obsistendum

325 976 575 1065 (ὁμόσε
618 980 950 1063 βαδιεῖται
994 984 1105 1061 ⁶3,
1148 979 1228 1045 cf.
1265 979 1485 1045 Stallb.
1529 978 1613 1044 ad
1641 978 1801 1044 Plat.
1840 999 1976 1066 rep.
2006 981 2063 1042 X
2101 981 2321 1059 6100)
2364 990 2544 1064 puta-

327 1085 423 1147 vit
475 1105 553 1147 ac
597 1083 1162 1150 demonstrandum
1217 1106 1355 1150 esse
1400 1078 1812 1168 (ἀνάγκην
1857 1079 2026 1150 εἶναι
2063 1085 2156 1148 ‹15
2199 1082 2542 1170 legendum

327 1208 445 1273 pro
505 1186 681 1275 vulg.
728 1185 1047 1272 ἀνάγκη
1099 1184 1336 1270 εἶναι),
1395 1191 1581 1253 etiam
1639 1208 1941 1252 non-ens
2001 1209 2172 1263 esse3
2231 1189 2320 1252 ita
2376 1189 2542 1251 enim

328 1293 559 1378 positis
606 1313 727 1377 pro
772 1296 1099 1380 principiis
1144 1304 1293 1358 ente
1342 1303 1406 1358 et
1447 1303 1780 1358 non-ente
1824 1313 2224 1378 consequens
2270 1291 2428 1369 fore,
2470 1299 2544 1355 ut

326 1395 483 1461 inde
539 1406 979 1481 repeterentur
1037 1398 1240 1474 entia,
1297 1401 1349 1462 ei
1397 1400 1539 1484 quie
1586 1418 1661 1462 ea
1711 1397 1953 1462 multa
2015 1417 2154 1461 esse
2213 1394 2546 1461 contendit

329 1504 425 1580 (εὶ
470 1494 687 1565 πολλὰ
730 1502 963 1566 ἔσται
1000 1505 1107 1579 αθ,
1154 1501 1232 1565 cf.
1264 1501 1427 1566 obs.
1468 1523 1530 1587 p.
1560 1502 1708 1581 24).
1785 1503 1968 1565 Hanc
2013 1504 2322 1565 rationem
2370 1498 2546 1585 quod

331 1603 557 1669 tribuit
602 1603 884 1685 Platoni,
946 1607 1052 1669 Ar.
1105 1604 1442 1670 manifesto
1490 1603 1651 1669 Plat.
1696 1603 2060 1689 Sophistam
2119 1605 2405 1690 respicit,
2463 1602 2542 1668 cf.

331 1706 533 1794 Soph.
564 1731 627 1794 p.
652 1710 782 1774 237
813 1729 948 1795 sqq.
981 1711 1194 1785 256e3
1240 1708 1329 1772 ibi
1362 1708 1537 1794 quod
1575 1707 1758 1772 Plato
1791 1728 1932 1772 esee
1966 1707 2341 1794 comprobat
2374 1727 2544 1773 non-

333 1833 465 1890 enS,
511 1813 620 1876 Ar.
667 1809 833 1876 idem
882 1834 1024 1878 esee
1068 1835 1144 1877 ac
1187 1807 1265 1878 τὸ
1309 1815 1479 1896 μέγα
1523 1814 1635 1878 καὶ
1678 1807 1914 1898 μικρόν
1961 1814 2147 1876 etiam
2179 1811 2372 1898 Phys.
2405 1811 2437 1875 1
2480 1814 2541 1877 9.

335 1918 499 1982 1920
538 1918 576 1982 7
626 1915 975 1981 contendit,

466 2023 553 2087 ⁰7
577 2021 779 2085 -15.
854 2020 1309 2087 Parmenideae
1353 2021 1585 2084 rationi
1624 2030 1689 2084 et
1716 2017 2088 2084 Platonicae
2134 2021 2272 2084 eius
2313 2019 2546 2083 refuta-

333 2128 497 2190 tioni
543 2127 817 2210 opponit
860 2127 1117 2206 (καίτοι
1152 2127 1284 2204 ⁶7)
1330 2126 1440 2188 Ar.
1486 2122 1957 2188 distinctionem
2006 2126 2170 2188 entis
2213 2125 2281 2187 in
2331 2124 2547 2209 singu-

333 2229 427 2294 las
475 2232 861 2316 categoriam
908 2251 1043 2294 eam
1076 2232 1223 2317 quia
1254 2227 1702 2316 neglexissent,
1749 2239 1814 2292 et
1842 2249 2063 2314 parum
2096 2226 2362 2292 definita
2395 2224 2544 2291 illos

333 2332 765 2421 philosophos
807 2333 1065 2400 locutos
1110 2342 1174 2398 et
1217 2336 1284 2397 in
1328 2330 1616 2396 fraudem
1661 2331 1976 2399 abductos
2022 2353 2179 2396 esse.
2271 2332 2546 2396 Primum

334 2442 531 2516 enim,
591 2441 886 2524 quoniam
932 2437 1329 2502 multifariam
1379 2435 1610 2501 dicitur
1655 2458 1799 2515 ene,
1844 2447 1945 2501 tot
1985 2439 2275 2502 nimirum
2319 2433 2547 2513 modis,

333 2553 495 2630 quot
537 2556 689 2608 eunt
730 2545 1093 2631 categoriae
1139 2542 1259 2623 (cf.
1301 2539 1380 2605 ad
1418 2546 1479 2605 Δ
1509 2542 1623 2621 7),
1668 2540 2098 2627 quaerendum
2144 2551 2243 2606 est
2287 2562 2362 2606 ex
2407 2537 2546 2605 Pla-

332 2657 516 2727 tone,
574 2646 783 2733 qualia
838 2644 1095 2711 tandem
1154 2648 1327 2710 entia
1372 2666 1570 2711 unum
1614 2644 1758 2709 fore
1798 2644 2168 2723 arbitretur,
2223 2648 2345 2710 nisi
2406 2646 2546 2730 quis

300 2771 633 2820 ,non-ens
680 2771 819 2815 esee
866 2748 1401 2813 demonstraverit
1449 2752 1545 2829 (εὶ
1590 2740 1685 2833 μὴ
1731 2784 1814 2798 -
1860 2748 2343 2829 &oz-auam),
2399 2747 2546 2813 sub-

333 2857 599 2921 stantias
644 2874 728 2917 an
773 2851 1171 2931 affectiones,
1223 2870 1306 2916 an
1353 2851 1629 2937 denique
1673 2854 1760 2915 ita
1809 2855 2021 2919 omnia
2065 2874 2206 2918 cnm
2252 2851 2545 2918 omnibus

334 2962 727 3024 commistum
773 2959 870 3034 iri,
913 2967 986 3023 ut
1027 2955 1379 3021 substantia
1427 2977 1567 3019 cum
1615 2953 1916 3041 qualitate
1963 2965 2028 3020 et
2065 2959 2416 3041 quantitate
2451 2977 2546 3020 re-

331 3062 645 3150 liquisque
685 3064 1023 3149 categoriis
1064 3060 1364 3127 omnibus
1396 3062 1460 3124 in
1498 3062 1800 3124 unitatem
1835 3063 1921 3124 sit
1958 3063 2224 3125 coitura.
2291 3060 2545 3146 (Quam

332 3172 400 3233 in
446 3177 619 3233 textu
668 3166 919 3231 exhibui
960 3166 1145 3231 huius
1184 3164 1312 3231 loci
1351 3163 1878 3243 emendationem,
1926 3164 2005 3228 ci.
2038 3164 2199 3229 obs.
2230 3189 2294 3253 p.
2317 3168 2422 3244 24,
2470 3186 2546 3229 ea

333 3284 401 3339 et
431 3269 778 3337 Alexandri
822 3272 1353 3356 interpretatione
1399 3283 1465 3337 et
1500 3268 1876 3354 con.·Phys.
1908 3268 1937 3332 1
1974 3271 2032 3334 1.
2067 3270 2236 3334 185⁶
2257 3270 2548 3335 20—30

336 3375 697 3441 confirmari
743 3373 1055 3451 videtur.)
1145 3374 1232 3437 At
1274 3372 1618 3438 absurdum
1665 3383 1761 3436 est
1811 3375 2091 3457 opinari,
2151 3375 2359 3458 posita
2419 3393 2546 3438 una

334 3478 604 3566 quadam
652 3487 875 3541 natura
922 3498 1041 3562 pro
1089 3479 1436 3563 principio,
1496 3478 1784 3540 nimirum
1831 3484 2195 3552 non-ente,
2249 3475 2545 3561 explicari

332 3604 530 3671 posse
574 3585 682 3668 qui
727 3579 858 3658 fiat,
902 3593 975 3644 ut
1022 3584 1187 3645 entis
1235 3579 1410 3646 aliud
1454 3601 1662 3669 genus
1695 3580 2048 3644 substantia
2083 3581 2168 3643 sit
2195 3576 2366 3643 aliud
2399 3600 2546 3665 qua-

333 3687 480 3753 litas
527 3696 595 3751 et
635 3683 920 3751 similiter
963 3682 1222 3770 reliqua.

462 3792 823 3856 alb-31.
912 3788 1172 3854 Deinde
1227 3807 1529 3851 non-ens
1574 3786 1969 3853 Platonicum
2023 3808 2158 3852 non
2203 3789 2408 3852 minus
2453 3790 2545 3851 in-

336 3895 600 3962 definite
649 3907 746 3959 est
789 3896 1085 3980 positum,
1131 3912 1314 3978 quam
1348 3912 1460 3955 ens
1492 3889 1993 3956 Parmenideum.
2060 3892 2342 3979 Negatio
2377 3894 2541 3956 enim

335 4004 499 4067 entis
545 4008 781 4064 tantam
827 3998 1055 4083 recipit
1096 3997 1385 4061 notionis
1419 3997 1803 4076 varietatem,
1850 4005 2145 4084 quantam
2175 3998 2380 4082 ipsum
2412 4016 2543 4075 ens,

335 4114 407 4169 nt
446 4123 748 4168 non-ens
806 4101 912 4167 vel
969 4099 1290 4190 significet
1342 4100 1943 4167 non-substantiam
1999 4100 2106 4166 vel
2148 4099 2543 4188 non-quale,

334 4217 823 4293 non-quantum
870 4213 989 4271 cet.
1066 4203 1525 4291 Quaerendum
1571 4208 1764 4295 igitur
1806 4206 1991 4293 quale
2020 4227 2323 4271 non-ens
2355 4204 2541 4269 Plato

337 4309 763 4375 adhibendum
818 4313 1137 4397 putaverit
1192 4308 1272 4375 ad
1333 4309 1492 4375 illud
1549 4332 1663 4375 ens
1706 4309 2217 4386 Parmenideum‚
2275 4317 2346 4372 ut
2388 4305 2543 4373 inde

334 4414 618 4482 idearum
664 4413 1131 4483 multitudinem
1177 4424 1515 4501 repeteret,
1548 4417 1704 4495 015,
1743 4418 1846 4482 19.
1923 4415 2019 4480 Ac
2055 4410 2373 4500 significat
2410 4413 2542 4497 qui-
