3109 5175
546 368 693 446 248
1349 371 1419 443 Δ
1475 369 1589 443 lo.
1670 367 1941 442 101811.

550 545 747 612 ullum
794 555 892 611 est
933 547 1268 634 vestigium
1317 559 1392 611 ex
1437 567 1569 632 quo
1605 547 1721 612 has
1748 545 2541 644 notionis-desciptiones
2579 567 2615 610 a
2652 566 2757 611 su-

549 648 909 739 perioribus
954 649 1262 739 distingui
1307 671 1683 739 cog-noscas,
1722 660 1807 728 et,
1848 653 1903 714 si
1946 671 2083 716 rem
2115 660 2407 716 accurato
2442 649 2758 736 expende-

547 756 654 832 ris,
693 755 856 819 haec
897 757 1082 842 signa
1126 754 1233 820 vel
1275 765 1472 820 notae
1518 765 1689 820 certe
1732 753 1815 818 ad
1858 747 1944 818 τὰ
1984 749 2154 842 πρός
2180 775 2247 818 τε
2274 771 2412 819 non
2448 761 2759 840 poterunt

426 857 470 877 “⁴
550 868 726 924 recte
770 857 953 923 trabi.
1025 857 1342 944 Equidem
1387 881 1580 945 quum
1622 856 1818 922 multa
1862 860 1928 922 in
1974 857 2101 922 hoc
2145 856 2313 922 libro
2360 878 2443 922 eo
2489 877 2613 922 nos
2644 855 2759 921 du-

551 971 713 1040 cant,
759 970 829 1027 ut
874 964 1025 1027 satis
1071 972 1314 1028 mature
1357 964 1519 1028 haec
1560 960 1958 1027 collectanea
2003 964 2365 1047 conscripta
2404 981 2546 1026 esse
2580 969 2760 1046 pute-

551 1089 719 1146 mus,
777 1066 989 1132 facere
1046 1088 1181 1132 non
1237 1088 1501 1154 possum
1561 1069 1712 1153 quin
1755 1065 1877 1130 hac
1918 1067 2108 1132 ctiam
2152 1064 2577 1151 discrepantia
2620 1084 2759 1129 eam

552 1174 983 1235 coniecturam
1027 1170 1388 1236 confirmari
1433 1192 1744 1236 censeam.

692 1273 1083 1339 Ἐναντία.
1161 1276 1370 1341 1018·
1394 1276 1708 1340 25-38.
1783 1274 1887 1338 De
1917 1276 2117 1359 prima
2148 1271 2646 1361 significatione:
2676 1263 2761 1334 τὰ

554 1375 646 1460 μὴ
703 1371 955 1441 δυνατὰ
1011 1372 1155 1463 ἅμα
1210 1379 1301 1461 τῷ
1352 1374 1531 1461 αὐτῷ
1573 1387 1881 1463 παρεῖναι
1924 1378 2057 1442 τῶν
2099 1371 2552 1464 διαφερόντων
2590 1367 2765 1439 κατὰ

554 1484 742 1563 γένος
798 1479 878 1543 cf.
937 1478 1082 1546 Cat.
1128 1483 1230 1547 11.
1288 1483 1402 1546 13ὸ
1443 1483 1559 1546 36:
1627 1482 1931 1547 ἐναντίον
1984 1480 2056 1545 δέ
2114 1485 2291 1545 ἐστιν
2346 1475 2415 1556 ἐξ
2468 1473 2763 1562 ἀνάγκης

556 1581 812 1666 ἀγαθῷ
856 1586 987 1675 μὲν
1042 1581 1276 1664 κακόν,
1331 1595 1398 1649 et
1438 1584 1594 1650 ibid.
1642 1587 1764 1650 14ae
1809 1587 1919 1649 19:
1977 1579 2233 1668 ἀνάγκη
2288 1584 2360 1648 δὲ
2414 1578 2635 1648 πάντα
2677 1576 2764 1645 τὰ

557 1689 830 1753 ἐναντία
875 1682 919 1767 ἢ
964 1692 1033 1753 ἐν
1077 1688 1171 1771 τῷ
1214 1685 1392 1771 αὐτῷ
1447 1693 1618 1772 γένει
1674 1685 1840 1753 εἶναι
1897 1682 1941 1766 ἢ
1985 1691 2057 1752 ἐν
2098 1695 2240 1763 τοῖς
2292 1687 2618 1761 ἐναντίοις
2659 1686 2763 1767 γέ-

555 1813 755 1867 νεσιν,
799 1786 842 1870 ἢ
889 1784 1096 1855 αὐτὰ
1139 1794 1329 1874 γένη
1377 1789 1611 1857 εἶναι.
1687 1791 1809 1872 (cf.
1850 1793 2017 1877 Top.
2054 1791 2152 1856 lv
2190 1792 2252 1855 3.
2301 1790 2461 1854 123⁶
2499 1790 2538 1853 l
2589 1789 2764 1874 sqq.)

558 1896 651 1960 Ex
698 1895 795 1960 his
841 1916 1006 1981 quae
1049 1893 1272 1960 ultimo
1319 1895 1470 1960 loco
1508 1894 1871 1960 indicantur
1906 1887 1952 1975 ἢ
1988 1889 2161 1959 αὐτοὶ
2197 1896 2352 1977 γένη
2394 1887 2561 1958 εἶναι
2596 1890 2765 1956 idem

559 1997 876 2064 definiunt
931 2003 1394 2064 contrarietatis
1445 2021 1651 2088 genus
1697 2021 1774 2064 ac
1816 1998 2202 2087 significatio
2245 1998 2534 2060 notionis
2577 2016 2765 2081 supra

560 2107 793 2189 posita.
869 2100 972 2167 Ad
1017 2105 1300 2189 proxima
1344 2104 1540 2170 verba
1577 2106 1712 2170 a27
1760 2105 1874 2169 καὶ
1915 2096 2004 2166 τὰ
2046 2103 2356 2166 πλεῖστον
2390 2139 2483 2152 —-
2522 2102 2613 2165 3⁰
2654 2093 2767 2163 δύ-

559 2228 761 2291 ναμιν
819 2216 886 2271 et
933 2207 1070 2271 231
1127 2202 1212 2271 τὰ
1268 2206 1327 2272 δ’
1369 2202 1545 2272 ἄλλα
1600 2245 1680 2260 -—
1731 2209 1818 2273 35
1866 2205 2179 2271 τοιούτων
2236 2203 2314 2267 cf.
2362 2204 2411 2268 I
2448 2205 2510 2268 4.
2558 2204 2768 2267 1055ae

560 2310 848 2374 24—38
895 2319 961 2373 et
1004 2331 1167 2395 quae
1210 2310 1298 2374 ibi
1344 2310 1804 2376 adnotavimus.
1895 2307 2096 2395 Quod
2142 2319 2350 2372 autem
2403 2306 2558 2371 dicit
2603 2307 2766 2371 ⁶30:

561 2413 674 2476 καὶ
719 2401 811 2477 ὧν
855 2410 897 2492 ἡ
958 2410 1255 2502 διαφορὰ
1309 2417 1583 2499 μεγίστη
1639 2408 1686 2494 ἢ
1730 2412 1953 2490 ἁπλῶς
1989 2407 2039 2492 ἢ
2084 2405 2253 2477 κατὰ
2296 2415 2486 2496 γένος
2527 2406 2573 2490 ἢ
2614 2405 2758 2474 κατ’

563 2509 761 2594 εἶδος,
826 2515 1132 2582 latissimo
1199 2539 1394 2583 sensu
1451 2540 1674 2584 omnes
1730 2520 1852 2584 τοῦ
1908 2518 2211 2583 ἐναντίου
2266 2513 2769 2604 significationes

564 2618 1026 2705 complectitur.
1073 2660 1159 2672 —
1217 2621 1321 2686 Ad
1376 2624 1489 2689 has
1548 2633 1863 2709 tamquam
1921 2623 2251 2708 primarias
2304 2618 2770 2684 contrarietatis

561 2727 863 2789 notiones
923 2725 1165 2812 reliqua
1228 2729 1364 2791 eius
1424 2748 1662 2815 genera
1708 2727 2072 2791 referuntur
2117 2727 2360 2800 omnia,
2412 2722 2769 2787 031-35.

563 2829 650 2893 Et
691 2848 886 2913 quum
933 2851 1047 2894 ens
1093 2828 1385 2915 pluribus
1429 2831 1674 2897 dicatur
1711 2829 1918 2896 modis
1964 2828 2087 2910 (cf.
2133 2830 2196 2892 9.
2244 2829 2454 2892 loma
2488 2827 2617 2905 22)
2662 2845 2772 2912 pa-

563 2935 722 2997 riter
764 2943 954 3018 atque
1001 2937 1209 2999 unitas
1254 2935 1376 3016 (cf.
1412 2936 1480 3001 Γ
1508 2939 1572 3000 2.
1617 2935 1988 3013 1o03b33),
2034 2929 2300 2997 eandem
2346 2930 2771 2997 diversitatem

565 3058 731 3121 quae
775 3039 841 3099 iu
904 3047 1053 3102 ente
1112 3042 1392 3103 cernitur
1432 3043 1753 3125 pertinere
1800 3040 1988 3101 etiam
2033 3033 2507 3116 (ἀκολουθτῖν,
2564 3034 2644 3098 cf.
2691 3031 2773 3097 ad

564 3140 635 3203 A
685 3141 742 3203 1.
787 3140 955 3204 sela
993 3141 1124 3219 27)
1168 3151 1433 3227 oportet
1486 3142 1568 3207 ad
1624 3145 1925 3206 notiones
1982 3140 2335 3205 identitatis
2392 3137 2775 3203 diversitatis

567 3246 1046 3322 contrarietatis,
1093 3244 1160 3308 Γ
1193 3247 1256 3309 2.
1306 3247 1508 3311 10031»
1544 3247 1958 3312 35-1004α
1995 3246 2101 3310 31.

689 3342 970 3430 Ἕτερα
1018 3358 1082 3412 et
1125 3344 1387 3413 ταύτὰ
1431 3352 1537 3434 τῷ
1576 3349 1803 3428 εἴδει,
1851 3350 2060 3414 1018·
2088 3348 2389 3426 38-108,
2430 3345 2645 3433 qualia
2680 3343 2776 3409 dt-

567 3460 790 3515 cautur
834 3470 969 3515 nou
1016 3463 1150 3517 erat
1193 3476 1304 3518 cur
1348 3459 1614 3520 seorsim
1663 3463 2039 3540 exponeret3
2086 3470 2229 3516 nam
2272 3455 2342 3516 in
2387 3446 2775 3537 explimndis

565 3553 942 3620 notionibus
987 3557 1107 3622 τοῦ
1146 3554 1323 3636 ἑνός,
1366 3561 1488 3624 τοῦ
1529 3556 1802 3637 ταὺτοῦ,
1846 3559 1968 3622 τοῦ
2008 3560 2234 3643 ἑτέρου
2276 3577 2353 3619 ea
2398 3573 2777 3619 commemo-

566 3671 833 3738 raverat,
879 3682 1043 3746 quae
1088 3671 1237 3726 sunt
1278 3665 1372 3744 τῷ
1416 3660 1568 3727 εἴδει
1604 3667 1675 3727 ἕν
1710 3660 1816 3728 vel
1853 3655 2066 3726 ταύτά
2103 3659 2210 3724 vel
2247 3663 2453 3746 ἕτερα.
2520 3656 2778 3743 Quodsi

565 3764 770 3828 nihilo
815 3767 1023 3829 ninus
1062 3769 1428 3830 varietatem
1470 3788 1622 3832 usus
1660 3768 1726 3830 in
1764 3766 1884 3829 hae
1918 3767 2191 3830 notione
2230 3766 2637 3849 conspicuam
2679 3783 2781 3826 ex-

569 3866 806 3954 plicare
849 3868 970 3932 sibi
1005 3856 1448 3955 proposuerat,
1492 3870 1789 3956 profecto
1835 3869 2061 3955 aliquis
2105 3866 2270 3934 ordo
2312 3869 2495 3931 iniis
2528 3882 2781 3930 enume-

569 3970 784 4034 randis
832 3981 968 4035 erat
1011 3971 1468 4050 observandus,
1514 3973 1627 4038 sed
1675 3994 1815 4038 eum
1865 3972 2185 4059 equidem,·
2214 3980 2360 4053 utut
2400 3992 2537 4034 rem
2572 3970 2781 4034 consi-

569 4072 750 4150 dero,
795 4093 931 4137 non
975 4096 1236 4159 possum
1281 4080 1582 4163 reperire,
1626 4098 1818 4163 quum
1860 4076 2058 4142 modo
2107 4076 2301 4141 latior
2339 4071 2536 4139 modo
2582 4092 2781 4159 augu-

569 4180 736 4244 stior
773 4176 1053 4243 eiusdem
1090 4182 1375 4245 notionis
1410 4180 1679 4245 ambitus
1717 4184 2079 4266 promiscue
2111 4178 2415 4265 deinceps
2442 4189 2783 4264 ponantur,

570 4281 638 4348 id
682 4280 858 4368 quod
905 4281 1268 4349 Alexander
1310 4288 1496 4348 etiam
1544 4284 1796 4350 videtur
1840 4282 2358 4348 anirnadvertisse
2401 4304 2467 4367 p.
2497 4283 2646 4359 346,
2674 4280 2782 4345 23.

572 4388 1000 4453 Nominantur
1033 4389 1202 4452 enim
1229 4388 1438 4472 primo
1471 4391 1725 4474 species
1763 4388 2043 4454 eiusdem
2079 4387 2336 4474 generis
2381 4405 2518 4449 nou
2558 4383 2787 4451 suboc-

573 4490 845 4569 dinatae‚
887 4495 1082 4580 igitur
1127 4490 1212 4556 τοὶ
1257 4487 1761 4583 ἀντιδιῃρημένα
1810 4491 1965 4571 εἴδη,
2010 4489 2125 4555 sed
2160 4488 2528 4555 extenditur
2554 4483 2789 4553 deiude
