3109 5175
1154 386 1233 455 Z
1280 383 1391 458 13.
1475 382 1662 458 1038
1681 383 1745 457 b.
2405 385 2553 461 347

346 554 526 622 ideas
571 556 736 636 dico,
789 556 948 623 illud
992 560 1335 645 praecipue
1379 557 1810 645 quaerendum
1857 568 1979 639 est,
2022 579 2264 624 verene
2305 563 2556 627 univer-

347 660 483 726 sale
537 661 930 726 substantiae
984 662 1219 727 habeat
1273 660 1663 750 dignitatem.
1754 664 1906 728 Non
1966 683 2108 728 esse
2165 673 2372 729 autem
2416 668 2555 730 uni-

348 764 600 830 versale
656 764 1070 831 substantiam
1126 763 1559 854 compluribus
1617 765 1923 853 deinceps
1978 766 2336 832 rationibus
2387 789 2558 833 com-

348 867 605 955 probat,
665 889 827 954 quae
885 891 1074 955 quum
1133 890 1356 935 omnes
1406 867 1712 954 deinceps
1758 879 2159 935 enumeratae
2204 873 2332 935 sint
2375 874 2555 958 quasi

348 969 638 1059 singulae
693 993 811 1057 per
865 993 937 1036 se
993 977 1118 1038 vim
1174 972 1453 1037 babeant
1508 971 2012 1051 demonstrandi,
2071 977 2299 1061 partim
2343 983 2556 1039 tamen

350 1095 426 1138 ex
471 1072 610 1139 aliis
656 1073 903 1140 demum
949 1076 1112 1141 hanc
1157 1074 1586 1142 concludendi
1627 1078 1755 1140 vim
1800 1074 2178 1142 adsciscunt.

484 1182 567 1259 a)
608 1180 955 1244 blo—15.
1023 1179 1459 1246 Proficiscitur
1493 1179 1574 1243 ab
1614 1200 1689 1243 ea
1725 1177 2112 1244 substantiae
2148 1180 2438 1257 notione,
2481 1200 2558 1245 ex

352 1301 474 1366 qua
511 1279 862 1346 substantia
899 1293 996 1348 est
1036 1276 1113 1348 τὸ
1159 1285 1225 1347 τί
1268 1273 1352 1362 ἦν
1386 1278 1573 1347 εἶναι.
1641 1284 1787 1348 Hoc
1824 1285 1991 1347 enim
2030 1281 2379 1369 significari
2414 1302 2555 1346 voc.

348 1379 572 1468 πρώτη
608 1380 821 1462 οὐσία,
857 1389 1272 1472 cognoscitur
1304 1385 1454 1462 coll.
1484 1387 1635 1464 ⁵17,
1666 1387 1751 1450 14
1784 1394 1849 1448 et
1876 1384 1960 1449 ad
1993 1387 2050 1450 7.
2083 1387 2285 1450 10:32⁵
2311 1388 2368 1451 1.
2425 1385 2559 1451 Iam

347 1506 506 1551 vero
549 1486 899 1553 substantia
943 1489 1069 1553 boc
1105 1510 1298 1554 sensu
1331 1487 1672 1574 peculiaris
1704 1497 1800 1553 est
1829 1492 1890 1552 ei
1916 1490 2029 1567 rei,
2073 1491 2252 1553 cuius
2285 1498 2384 1553 est
2412 1487 2560 1554 sub-

349 1592 609 1665 stantia;
653 1591 1014 1657 universale
1055 1613 1214 1657 vero
1260 1613 1398 1656 eam
1442 1591 1639 1656 habet
1679 1602 1983 1669 naturam,
2029 1601 2111 1655 ut
2143 1591 2227 1656 de
2267 1590 2560 1677 pluribus

350 1695 600 1777 pariter·
633 1693 1039 1778 praedicetur
1081 1695 1202 1778 (cf.
1248 1697 1368 1760 An.
1412 1705 1582 1781 post.
1626 1693 1657 1759 1
1700 1696 1760 1759 4.
1806 1695 1921 1759 73⁶
1956 1695 2063 1759 26.
2130 1693 2214 1778 de
2252 1705 2411 1781 part.
2458 1716 2558 1759 au.

350 1794 381 1860 1
413 1797 473 1860 4.
514 1797 682 1860 644³
712 1798 869 1886 27);
919 1819 1078 1887 ergo
1125 1801 1554 1884 consequitur,
1595 1806 1670 1862 ut
1713 1796 2072 1862 universale
2113 1819 2250 1863 non
2294 1801 2378 1863 sit
2414 1797 2560 1864 sub·

351 1902 598 1978 stantia,
642 1902 763 1964 nisi
807 1900 977 1966 forte
1022 1912 1299 1967 statuere
1342 1899 1653 1980 volumus,
1694 1899 1878 1987 plura
1905 1903 2184 1965 notione
2223 1922 2297 1964 ac
2333 1910 2560 1967 natura

351 2005 520 2067 inter
552 2025 624 2068 se
659 2001 910 2067 diversa
946 2003 1148 2069 nihilo
1185 2007 1392 2068 minus
1431 2025 1575 2069 esse
1610 2025 1824 2068 unum.
1891 2005 2086 2083 (10142
2131 1992 2222 2068 ὧν
2265 1996 2394 2088 γὰρ
2436 2004 2562 2088 μία

352 2102 396 2186 ἡ
443 2103 652 2172 οὐσία.
682 2108 795 2171 καὶ
840 2100 917 2171 τὸ
961 2109 1028 2171 τί
1068 2098 1154 2186 ἦν
1199 2103 1366 2171 εἶναι
1409 2110 1508 2184 ἓν,
1563 2107 1675 2170 καὶ
1731 2100 1903 2173 αὐτοὶ
1954 2112 2041 2171 ἔν.
2131 2104 2400 2172 Comma
2445 2127 2561 2191 po·

349 2208 628 2274 nendum
688 2219 786 2274 est
838 2218 988 2294 post
1044 2214 1141 2289 ἓν,
1199 2230 1335 2274 non
1395 2232 1533 2274 cum
1595 2208 1829 2274 Brand.
1875 2208 2081 2274 Bekk.
2138 2218 2289 2294 post
2345 2205 2560 2274 οὐσία.

351 2314 499 2377 Hoc
542 2316 708 2377 enim
755 2311 1192 2378 demonstrare
1236 2311 1466 2392 studet,
1508 2313 1724 2398 plures
1769 2334 1873 2377 res
1911 2312 2054 2378 fore
2083 2333 2294 2389 unum,
2337 2314 2392 2377 si
2421 2314 2562 2398 quis

352 2415 714 2482 universale
756 2415 1168 2482 substantiam
1215 2437 1355 2482 esse
1399 2426 1629 2502 ponat;
1677 2425 1869 2501 atque
1900 2409 1977 2481 τὸ
2012 2416 2078 2479 τί
2119 2405 2206 2494 ἦν
2249 2411 2419 2480 εἶναι
2461 2436 2563 2481 ex-
2682 2477 2695 2484 -

352 2520 633 2608 plicandi
680 2541 867 2584 causa
915 2520 996 2585 ad
1041 2518 1238 2588 oimta
1283 2522 1703 2607 appositionis
1749 2518 1898 2583 loco
1944 2517 2227 2583 additum
2274 2522 2430 2601 est.)

486 2623 566 2704 b>
610 2625 758 2703 ⁶15,
806 2626 909 2689 16.
998 2624 1364 2691 Substantia
1423 2634 1522 2689 est
1564 2618 1642 2689 τὰ
1686 2619 2113 2708 ὑποκείμενον
2153 2623 2444 2706 πρῶτον,
2498 2623 2562 2686 3.

356 2729 569 2792 lewa
613 2729 683 2805 l,
740 2730 877 2792 sive
931 2722 1012 2793 τὸ
1067 2722 1160 2813 μὴ
1218 2725 1386 2792 καθ’
1431 2725 1856 2810 ὑποκειμένου
1907 2720 2079 2792 ἀλλὰ
2134 2720 2304 2790 καθ’
2343 2714 2426 2790 οὗ
2478 2717 2567 2789 τὰ

354 2823 559 2908 ἄλλα,
619 2831 828 2896 loma
868 2831 940 2910 8,
987 2830 1068 2895 cf.
1114 2829 1195 2895 ad
1241 2830 1304 2894 h.
1347 2828 1420 2907 l.,
1464 2827 1828 2894 universale
1869 2850 2028 2894 vero
2073 2831 2434 2893 necessario
2483 2826 2565 2892 de

355 2932 644 2998 subiecto
693 2932 907 3019 aliquo
952 2932 1374 3019 praedicatur,
1416 2928 1583 2998 καθ’
1620 2928 2075 3018 ὑποκειμένους
2121 2951 2278 3019 ergo
2313 2933 2567 2996 univer-

356 3035 490 3102 sale
533 3058 669 3102 nou
717 3047 814 3102 est
855 3036 1227 3103 substantia.

487 3147 565 3220 c)
601 3143 1055 3207 blo—1⁰:392
1078 3143 1141 3206 2.
1209 3141 1498 3205 Proxima
1535 3141 1656 3203 tria
1692 3147 2080 3226 argumenta,
2112 3173 2194 3186 —
2217 3138 2323 3216 23,
2354 3174 2433 3188 —
2459 3137 2566 3216 29,

358 3281 442 3296 -
468 3246 571 3322 30,
617 3255 690 3309 ut
729 3246 955 3309 iustam
993 3243 1270 3309 habeant
1305 3241 1784 3308 demonstrandi
1821 3244 1964 3319 vim,
2007 3244 2075 3306 in
2116 3262 2312 3306 unum
2348 3239 2569 3307 viden-

324 3345 464 3414 'tur
505 3346 955 3447 coniungenda
1001 3369 1159 3413 esse.
1248 3348 1504 3412 Initium
1557 3354 1767 3410 autem
1813 3347 2382 3430 argumentationis
2425 3366 2569 3429 per-

357 3451 605 3538 plexius
652 3463 779 3527 est;
825 3451 1081 3517 videtur
1127 3455 1290 3517 enim
1339 3450 1466 3526 Ar„
1511 3451 1566 3513 si
1609 3457 1783 3512 recte
1826 3447 1986 3512 haec
2026 3447 2222 3512 verba
2255 3446 2568 3535 intelligo,

359 3555 661 3621 inchoare
704 3558 1252 3620 ratiocinationem
1297 3576 1374 3618 ac
1414 3556 1623 3618 statim
1670 3562 1740 3616 ut
1775 3571 1910 3616 non
1939 3552 2090 3614 satis
2122 3559 2356 3614 certam
2388 3553 2571 3615 omit-

357 3668 513 3724 tere.
589 3659 942 3738 Posuimus,
987 3662 1091 3739 ait,
1135 3659 1217 3724 ab
1260 3661 1444 3724 initio
1489 3655 1901 3721 substantiam
1948 3674 2089 3719 esse
2132 3654 2337 3738 ipsum
2380 3647 2460 3717 τὸ
2505 3655 2571 3718 τί

356 3752 444 3842 ἦν
503 3759 670 3827 εἶναι
725 3774 790 3828 et
846 3784 923 3829 ex
983 3784 1064 3828 eo
1122 3760 1482 3828 universale
1537 3780 1674 3824 non
1732 3777 1927 3844 posse
1973 3777 2113 3822 esse
2156 3754 2570 3822 substantiam

359 3864 768 3955 colleg-imum
826 3869 947 3931 iam
999 3887 1313 3954 ponamus
1358 3862 1722 3930 universale
1764 3865 1976 3926 inesse
2020 3862 2086 3925 in
2129 3860 2223 3942 τῷ
2265 3881 2411 3938 τηε,
2465 3881 2574 3925 ve-

360 3967 480 4035 luti
523 3969 753 4034 animal
798 3972 1009 4035 inesse
1046 3973 1112 4036 in
1151 3969 1503 4035 substantia
1540 3967 1832 4032 bominis.
1901 3964 2097 4049 Atqui
2130 3961 2419 4028 animalis
2458 3965 2574 4028 ite-

359 4093 500 4138 rum
543 4083 643 4138 est
686 4071 1000 4153 definitio,
1043 4077 1113 4139 in
1154 4095 1278 4159 qua
1319 4093 1482 4159 quae
1521 4074 1946 4147 continentur,
1992 4088 2068 4141 ea
2105 4076 2418 4151 tamquam
2455 4089 2575 4132 κα-

360 4170 584 4242 θόλου
633 4172 1016 4263 ἐπάρχοντα
1071 4181 1286 4243 inesse
1340 4178 1490 4242 item
1548 4172 1882 4261 oportebit
1935 4174 2005 4237 in
2048 4171 2397 4237 substantia
2442 4170 2576 4234 ani·

361 4277 571 4358 malis,
633 4292 698 4345 et
741 4282 834 4345 sic
873 4301 1099 4367 porr03
1160 4279 1491 4366 oportebit
1537 4282 1758 4368 igitur,
1814 4277 1941 4343 hoc
1982 4280 2038 4342 si
2081 4278 2224 4363 quis
2267 4274 2575 4351 statuerit,

361 4384 432 4447 in
484 4381 802 4448 infinitum
859 4382 1040 4450 abiri.
1132 4383 1354 4448 Talem
1410 4382 1546 4447 fere
1605 4384 2213 4472 argumentationem
2267 4375 2576 4441 Aristote-

361 4484 488 4552 lun
545 4488 839 4575 suspicor
893 4490 962 4554 in
1016 4495 1230 4554 mente
1272 4484 1602 4566 habuisse,
1655 4484 1772 4552 sed
1817 4486 2131 4561 omisisse,
2187 4481 2336 4567 quia
2380 4477 2574 4545 obiici
