3109 5175
1190 389 1265 459 B
1312 385 1384 459 2.
1458 386 1685 460 99η.
2398 390 2532 504 ¹43

329 557 494 625 libet
535 561 800 624 scientia
844 580 1008 646 qnae
1053 557 1133 624 ad
1181 559 1741 628 demonstrandum
1787 567 1848 628 ei
1891 573 2041 628 sunt
2081 567 2410 650 proposita
2446 568 2534 631 ita

325 661 609 739 conficit,
656 674 726 728 ut
772 685 807 727 a
852 666 984 728 suis
1024 663 1468 750 proficiscatur
1506 668 1861 752 principiis3
1907 671 2259 731 communia
2296 689 2537 755 cogno-

331 765 552 829 scendi
598 770 909 853 principia
945 786 1166 831 omnes
1205 771 1446 853 pariter
1474 791 1656 834 suum
1691 773 1760 834 in
1794 791 1977 835 usum
2014 780 2410 849 convertunt,
2454 771 2532 835 ef.

329 869 451 932 An.
481 878 649 953 post.
682 870 712 934 1
746 873 849 935 10.
923 872 1106 936 Haec
1145 874 1339 959 igitur
1383 878 1739 937 cormunis
1783 876 2091 960 principia
2136 896 2324 959 quam
2373 877 2535 959 pari—

332 981 428 1035 ter
472 971 552 1038 ad
600 994 823 1039 omnes
867 977 1227 1060 pertineant
1271 974 1654 1062 disciplinas,
1698 998 1821 1041 nec
1856 998 2013 1040 vero
2052 977 2137 1041 ad
2176 998 2385 1054 unam,
2426 998 2533 1040 ve—

329 1074 446 1139 luti
489 1080 934 1162 geometriam,
989 1081 1206 1164 potius
1261 1100 1446 1164 quam
1505 1078 1585 1143 ad
1643 1079 1827 1144 aliam
1873 1080 2242 1167 quamlibet,
2298 1091 2409 1145 aut
2450 1079 2532 1143 ab

329 1177 624 1244 omnibus
681 1190 832 1244 sunt
887 1180 1380 1247 demonstranda
1437 1193 1546 1247 aut
1589 1204 1626 1246 a
1673 1183 1867 1247 nulla.
1954 1182 2123 1248 Illud
2174 1183 2384 1248 locum
2428 1182 2533 1246 ha—

330 1282 484 1346 bere
529 1303 662 1346 non
707 1306 919 1369 posse,
972 1296 1042 1350 ut
1085 1307 1321 1350 summa
1367 1286 1807 1372 cognoscendi
1853 1290 2163 1374 principia
2205 1286 2286 1351 ab
2334 1291 2533 1351 omni·

328 1385 445 1449 bns
494 1387 995 1472 comprobentur
1040 1387 1418 1474 disciplinis,
1471 1410 1593 1474 pro
1638 1411 1949 1455 concesso
1996 1395 2184 1456 sumit
2227 1392 2535 1456 Aristote-

327 1488 453 1568 les,
512 1493 800 1555 nimirum
859 1495 1000 1576 qnia
1060 1494 1145 1555 ita
1195 1491 1460 1556 diversis
1507 1492 1855 1580 ᾶίεαρϋυίε
1901 1493 2069 1558 idem
2116 1495 2285 1559 foret
2328 1493 2532 1558 subies-

327 1607 522 1668 etum;
568 1614 727 1681 ergo
776 1593 1050 1658 efficitur
1092 1602 1164 1659 ut
1208 1617 1242 1658 a
1286 1595 1458 1660 nulla
1493 1600 1761 1687 omnino
1800 1596 2150 1684 disciplina,
2194 1601 2407 1683 itaque
2446 1618 2532 1661 ne

325 1718 361 1760 a
404 1698 604 1781 prima
650 1695 903 1781 quidem
950 1696 1378 1783 philosophia,
1423 1678 1942 1785 comprobentur.
1990 1737 2072 1752 —-
2128 1700 2259 1765 Sed
2301 1705 2367 1765 in
2414 1702 2533 1763 hac

261 1818 272 1827 ·
322 1802 812 1865 ratiocinatione
857 1823 1046 1885 quum
1093 1800 1375 1866 diversas
1421 1815 1870 1867 commemorat
1915 1802 2308 1889 disciplima,
2360 1813 2532 1867 tecte

323 1903 686 1991 singulares
744 1902 898 1967 dicit
958 1902 1354 1989 disciplinas,
1411 1928 1574 1990 qnae
1618 1912 1805 1985 γένος
1849 1929 1911 1970 τι
1955 1908 2076 1972 τοῦ
2117 1902 2310 1981 ὄντος
2351 1927 2532 1990 περι*

323 2002 755 2093 γραφόμεναι
797 2006 946 2094 περὶ
991 2002 1228 2073 τούτου
1270 2004 1847 2091 πραγματεύονται
1890 2011 1957 2072 Ε
1998 2012 2053 2073 1.
2109 2012 2314 2074 1⁰25·
2351 2010 2412 2083 8,
2457 2030 2532 2071 ac

323 2121 537 2174 tamen
574 2108 1048 2173 conclusionem
1085 2111 1383 2174 transfert
1416 2111 1496 2175 ad
1534 2115 1795 2198 primam
1830 2109 2317 2197 philosophiam,
2352 2115 2530 2177 cuim

323 2213 395 2279 id
439 2218 644 2300 ipsum
692 2224 788 2278 est
829 2217 1184 2299 proprium,
1241 2223 1313 2278 ut
1368 2235 1503 2278 non
1563 2215 1645 2279 de
1686 2236 1925 2309 genere
1970 2217 2166 2292 entis,
2222 2214 2339 2279 sed
2380 2216 2531 2296 περὶ

322 2320 444 2383 τοῦ
488 2312 680 2394 ὄντος
729 2314 953 2393 ἁπλῶς
993 2306 1032 2406 ᾖ
1078 2311 1158 2382 ὅν
1209 2318 1274 2381 Ε
1311 2316 1438 2381 1.1.
1494 2330 1775 2404 quaerat.
1862 2321 2047 2383 Hanc
2098 2316 2527 2383 concludendi

323 2421 609 2486 fraudem
643 2419 886 2507 detegit
916 2421 1328 2498 Aristoteles,-
1350 2443 1477 2507 quo
1509 2421 1659 2486 loco
1699 2424 2053 2487 universam
2092 2424 2527 2508 quaestionem

324 2524 576 2602 dirimit,
620 2524 688 2589 Γ
719 2526 781 2591 3.
831 2526 1038 2592 1005·
1075 2525 1188 2589 29:
1236 2520 1461 2612 διόπερ
1507 2524 1740 2602 οὐθεὶς
1782 2529 1911 2591 τῶν
1954 2520 2125 2591 κατὰ
2158 2527 2357 2609 μέρος
2391 2529 2528 2589 ἐπι·

325 2623 750 2693 σκοπούντων
794 2632 1060 2711 ἐγχειρεῖ
1102 2629 1309 2712 λέγειν
1352 2653 1416 2694 τι
1455 2631 1607 2712 περὶ
1650 2626 1896 2707 αὐτῶν,
1954 2634 2011 2694 εὶ
2053 2627 2287 2709 ἀληθῆ
2331 2619 2377 2706 ἢ
2416 2622 2530 2710 μή,

325 2726 475 2797 οὔτε
519 2736 884 2816 γεωμέτρης
928 2724 1067 2795 οὔτ’
1106 2728 1551 2816 ἀριθμητικός
1592 2734 1729 2797 κτλ.
1798 2731 2099 2798 Ceterum
2142 2754 2219 2796 ex
2256 2731 2354 2794 his
2394 2752 2530 2793 vern-

325 2834 423 2899 bis
467 2833 618 2898 coll.
649 2834 717 2898 Γ
738 2837 797 2899 2.
839 2837 1042 2900 10⁰5·
1075 2838 1149 2900 11
1200 2836 1548 2923 apparebit,
1596 2858 1805 2900 errare
1833 2835 2307 2923 Schweglerum
2354 2832 2529 2918 quod

324 2958 447 3024 pro
493 2939 559 3002 τί
601 2931 729 3025 γὰρ
763 2938 1022 3021 μᾶλλον
1053 2941 1449 3023 γεωμετρίας
1482 2939 1613 3027 legi
1650 2938 1830 3005 iubet
1858 2939 1926 3002 τί
1956 2933 2087 3022 γὰρ
2121 2940 2381 3021 μᾶλλον
2415 2955 2528 3000 σο·

325 3044 507 3129 φίας,
551 3040 840 3106 adhibito
889 3040 968 3106 ad
1014 3040 1510 3107 confirmandam
1559 3046 1987 3107 coniecturam
2033 3041 2179 3106 loco
2226 3038 2414 3105 simili
2458 3038 2529 3103 li-

325 3144 425 3209 bri
457 3144 528 3209 K
565 3146 620 3209 l.
657 3148 864 3210 105921
890 3146 996 3210 25.
1066 3147 1373 3210 Nimirum
1418 3146 1544 3210 hoc
1586 3145 2016 3234 paralogismo
2065 3147 2260 3210 utitur
2288 3144 2531 3208 Aristo-

325 3248 514 3313 teles:
578 3252 874 3333 quoniam
931 3268 1064 3313 non
1123 3252 1475 3335 geometria
1531 3253 1750 3336 potius
1809 3272 1991 3335 quam
2037 3247 2363 3335 quaelibet
2405 3244 2525 3308 alia

326 3351 618 3416 doctrina
655 3355 722 3415 in
757 3351 1223 3440 cognoscendis
1259 3355 1583 3417 axiomatis
1619 3365 1922 3432 versatur,
1967 3372 2127 3439 ergo
2171 3373 2255 3415 ne
2278 3353 2528 3446 primae

325 3456 579 3542 quidem
626 3454 1071 3541 philosophiae
1115 3455 1452 3520 tribuenda
1499 3466 1599 3520 est
1635 3460 2016 3523 ,axiomatum
2056 3455 2483 3541 investigatio,

456 3561 626 3623 997⁶
665 3560 709 3622 2
753 3555 923 3642 ἅμα
974 3559 1056 3624 δὲ
1107 3560 1244 3623 καὶ
1293 3595 1374 3610 --
1424 3561 1505 3624 ll
1553 3555 2030 3642 ἀξιώμασιν.
2119 3559 2273 3621 Non
2331 3553 2526 3618 modo
2566 3563 2581 3579 “

323 3665 566 3748 primae
610 3662 1058 3748 philosophiae
1103 3662 1506 3727 tribuendum
1553 3682 1687 3726 non
1732 3673 1848 3741 est,
1891 3674 1963 3726 ut
2000 3679 2379 3725 summorum
2423 3678 2528 3758 oo-

324 3764 684 3854 gnoscendi
740 3770 1194 3853 principiorum
1254 3769 1689 3854 cognitionem
1742 3775 2033 3851 quaerat,
2089 3763 2205 3831 sed
2264 3763 2526 3825 omnino

323 3869 468 3935 fieri
523 3887 662 3934 non
717 3880 958 3955 potest,
1017 3882 1088 3934 ut
1143 3891 1362 3935 eorum
1408 3873 1669 3935 scientia
1716 3873 1815 3933 sit.
1906 3869 2159 3933 Etenim
2198 3866 2332 3931 duo
2380 3874 2529 3928 sont

325 3976 630 4037 scientiae
673 3993 946 4060 genera,
999 3994 1270 4059 quorum
1314 3972 1581 4038 alterum
1626 3977 1691 4037 in
1735 3970 2103 4037 definiendo
2149 3969 2413 4035 alterum
2459 3971 2524 4032 in

326 4075 830 4142 demonstrando
875 4080 1168 4155 cernitur,
1211 4072 1532 4158 ἐπιστήμη
1578 4087 1687 4141 aut
1731 4071 2024 4159 ὀριστική
2070 4083 2168 4139 est
2211 4084 2323 4137 aut
2360 4070 2528 4135 dno·

325 4177 634 4260 δεικτική,
681 4180 760 4244 cf.
799 4183 918 4246 Aa.
956 4192 1123 4267 post.
1161 4180 1192 4244 1
1229 4181 1291 4244 3.
1338 4180 1396 4243 11
1432 4182 1496 4246 3.
1535 4181 1597 4244 4.
1670 4178 2029 4244 Definitivo
2072 4180 2376 4242 scientiae
2418 4195 2530 4261 ge—

327 4305 480 4349 nere
539 4304 702 4370 opus
762 4305 892 4348 non
941 4296 1039 4349 est
1082 4288 1145 4348 in
1192 4286 1445 4348 smnmis
1491 4282 1929 4372 cognoscendi
1972 4283 2325 4367 principiis,
2380 4279 2526 4341 nain

323 4388 478 4473 qnid
509 4386 764 4475 singula
801 4409 1088 4474 quaeque
1121 4385 1486 4474 significent
1519 4389 1631 4452 καὶ
1662 4390 1783 4454 νῦν
1816 4385 2214 4470 γνωρίζομεν
2245 4387 2287 4447 i.
2320 4404 2373 4447 ο.
2408 4375 2529 4443 αὖ·

324 4486 537 4557 τόθεν
591 4493 704 4557 καὶ
752 4495 954 4579 χωρὶς
1009 4489 1289 4579 ὁρισμοῦ
1334 4491 1750 4580 γνωρίζομεν.
1842 4489 1922 4553 cf.
1969 4491 2087 4554 An.
2134 4497 2302 4576 post.
2347 4485 2375 4548 1
2427 4486 2525 4548 10.
