3109 5175
577 353 722 430 308
850 455 856 458 ¹
1409 354 1485 423 Ζ
1526 350 1595 424 4.
1680 350 1947 424 1030a.

579 532 960 615 λεγομένων.
1028 528 1123 594 Ita
1165 525 1462 598 videntur
1506 548 1661 592 sane
1698 527 1859 592 haec
1894 528 2202 592 artissime
2240 529 2409 592 inter
2449 547 2519 591 se
2560 526 2787 591 cohae-

580 656 748 713 rere,
806 654 877 697 re
929 653 1082 697 vera
1139 630 1331 717 plane
1387 630 1698 696 disiuncta
1755 641 1930 707 sunt3
1997 633 2228 696 etenim
2287 652 2475 715 quum
2535 625 2613 695 τὸ
2672 652 2785 709 τηε

583 714 724 803 esse
760 737 912 802 dicit
954 736 1084 801 τῶν
1122 732 1289 800 καθ’
1328 732 1491 801 αὑτὸ
1537 736 1620 799 λε
1633 757 1725 818 yo
1738 737 2032 817 μένων,
2077 737 2363 822 cogitare
2399 755 2539 799 eum
2578 743 2787 798 tamen

580 834 658 907 τὸ
703 862 816 919 τηε
860 861 1001 904 esse
1044 841 1175 904 τῶν
1216 833 1382 904 καθ’
1422 831 1588 902 αὑτὸ
1635 831 1917 916 ὄντων,
1973 837 2041 901 id
2099 848 2196 903 est
2248 846 2456 902 autem
2503 840 2634 903 τῶν
2679 833 2789 902 οὐ·

584 946 771 1023 σιῶν,
825 954 890 1009 et
936 966 1012 1008 ex
1055 945 1352 1008 universa
1396 943 1731 1006 notatione
1773 943 1896 1008 τοῦ
1936 964 2049 1021 τηε
2095 940 2343 1027 qualem
2388 941 2624 1027 ubique
2671 951 2791 1005 tra-

587 1048 682 1114 dit
725 1059 792 1113 et
835 1070 872 1112 e
913 1049 1197 1134 proxima
1244 1046 1678 1131 disputatione
1723 1054 2002 1130 apparet.

716 1154 1037 1216 Reversus
1074 1154 1239 1216 enim
1274 1148 1355 1213 ad
1394 1147 1658 1213 eandem
1695 1168 1880 1233 quam
1911 1169 2099 1234 supra
2132 1158 2559 1234 proposuerat
2590 1149 2793 1213 1⁰291·

585 1257 672 1321 25
719 1257 1180 1341 quaestionem:
1227 1244 1400 1316 ἀλλὰ
1442 1253 1535 1332 τῷ
1570 1252 1810 1333 ἱματίῳ
1852 1248 2017 1316 εἶναι
2053 1241 2187 1337 ἆρα
2225 1255 2363 1317 ἔστι
2400 1253 2466 1316 τί
2506 1241 2588 1330 ἦν
2627 1248 2795 1315 εἷναί

587 1382 650 1424 τι
692 1354 891 1440 &arog-3
935 1378 1069 1421 nou
1116 1377 1255 1420 esse
1299 1352 1664 1441 respondet,
1708 1348 1753 1434 ἢ
1796 1348 1892 1419 οὔ.
1965 1354 2276 1435 (Secutus
2315 1377 2450 1420 sum
2493 1376 2628 1418 eam
2666 1362 2793 1418 tex-

587 1474 689 1528 tus
736 1459 1117 1527 emendandi
1152 1462 1481 1536 rationem,
1526 1478 1713 1542 quam
1752 1461 2068 1543 proposui
2104 1468 2166 1524 et
2206 1458 2628 1545 comprobare
2666 1468 2795 1524 stu·

588 1565 698 1631 dui
741 1569 808 1631 in
839 1564 1002 1631 obs.
1043 1587 1106 1650 p.
1140 1565 1271 1628 118
1307 1584 1464 1648 sqq„
1508 1581 1642 1625 non
1689 1561 1862 1646 quod
1909 1583 2046 1626 eam
2092 1562 2170 1627 ab
2219 1566 2391 1627 omni
2436 1572 2618 1647 parte
2664 1583 2795 1625 cer-

588 1681 713 1735 tam
760 1691 900 1734 esse
946 1670 1205 1755 opiner,
1262 1665 1376 1730 sed
1433 1668 1583 1751 quia
1638 1686 1760 1730 nec
1815 1667 1884 1729 in
1941 1661 2207 1755 vulgato
2259 1677 2434 1732 textu
2478 1667 2795 1750 acquiesci

587 1794 784 1859 posse
839 1769 1135 1859 intelligo
1196 1792 1318 1836 nec
1357 1768 1686 1834 meliorem
1731 1769 1924 1835 video
1970 1769 2049 1835 ab
2099 1770 2238 1835 aliis
2286 1780 2583 1835 tentatam
2631 1789 2793 1833 esse.

586 1877 926 1941 Praeterea
984 1885 1191 1940 autem
1248 1876 1496 1963 siguum
1542 1876 2067 1961 interrogationis
2114 1884 2266 1960 post
2306 1896 2365 1936 v.
2413 1868 2580 1949 ὅλως
2622 1872 2795 1937 vide-

587 1992 691 2046 tur
734 1976 1104 2066 ponendum
1151 2000 1322 2058 esse,
1368 1988 1438 2045 ut
1482 2000 1517 2041 a
1563 1989 1722 2064 part.
1767 1973 1811 2057 ἥ
1857 1977 2141 2043 ordiatur
2185 1979 2553 2062 responsio,
2598 1999 2675 2042 ex
2720 1998 2795 2041 ea

587 2083 950 2149 Aristotelis
982 2081 1461 2161 consuetudine,
1493 2082 1574 2148 de
1607 2104 1731 2168 qua
1763 2081 2085 2147 cf.Waitz
2109 2081 2269 2168 Org.
2294 2083 2418 2146 6511
2442 2082 2504 2145 2.
2554 2078 2792 2145 Trend.

588 2186 670 2252 de
718 2208 819 2250 an.
863 2210 927 2271 p.
958 2186 1154 2267 208.)
1192 2208 1198 2214 ·
1245 2184 1448 2250 Cuius
1507 2189 1675 2250 enim
1731 2187 1825 2249 rei
1879 2207 2018 2250 esse
2062 2184 2328 2250 velimus
2372 2185 2438 2248 τί
2481 2172 2566 2262 ἦν
2613 2179 2795 2261 εἶναι,

588 2311 725 2355 eam
773 2299 1078 2375 oportere
1124 2309 1264 2352 esse
1308 2283 1459 2353 τόδε
1498 2312 1563 2353 τι
1596 2291 1705 2366 α3,
1741 2290 1781 2352 4
1821 2298 1885 2353 et
1915 2289 2177 2374 πρῶτον
2212 2290 2367 2365 «210,
2411 2287 2472 2351 h.
2506 2308 2562 2351 e.
2603 2306 2796 2372 opor-

588 2403 726 2458 tere
787 2413 926 2457 esse
982 2413 1114 2456 rem
1167 2389 1521 2471 definitam,
1582 2414 1796 2470 unam,
1854 2403 1921 2457 et
1962 2414 2148 2458 unam
2195 2391 2448 2478 quidem
2493 2393 2793 2475 primario

586 2518 781 2562 sensu
824 2507 891 2562 et
933 2505 1157 2582 suapte
1200 2504 1443 2576 natura,
1488 2517 1613 2561 nec
1652 2517 1810 2561 vero
1848 2501 2191 2584 propterea
2231 2517 2434 2574 unam,
2479 2493 2655 2580 quod
2690 2492 2794 2559 vel

586 2600 845 2667 affectio
890 2601 998 2666 vel
1043 2600 1340 2666 accidens
1387 2603 1445 2666 ei
1492 2601 1819 2667 inhaereat
1862 2594 2074 2685 (κατὰ
2116 2596 2378 2678 πάθος,
2422 2597 2510 2674 ὡς
2553 2599 2793 2684 συμβε-

586 2699 793 2787 βηκός
832 2707 1010 2784 a14)
1054 2703 1162 2769 vel
1205 2701 1378 2769 aliud
1424 2704 1576 2791 quid
1619 2705 1967 2790 praedicati
2010 2704 2161 2770 loco
2209 2706 2270 2768 ei
2307 2704 2620 2769 tribuatur
2663 2702 2796 2785 (τῷ

585 2800 751 2872 ἄλλο
796 2803 941 2872 κατ’
980 2800 1186 2874 ἄλλον
1231 2809 1549 2890 λέγεσθαι
1590 2812 1699 2887 ⁰4,
1747 2811 1871 2888 10)
1917 2808 2021 2874 vel
2080 2830 2218 2873 cum
2271 2807 2484 2892 aliquo
2533 2808 2795 2871 coniun-

587 2920 688 2975 cta
732 2914 815 2976 sit
859 2905 1071 2990 (κατὰ
1113 2906 1397 2997 μετοχήν
1437 2915 1634 2992 1113).
1722 2914 1901 2977 Haec
1956 2932 2113 2977 vero
2173 2914 2414 2989 omnia,
2472 2932 2635 2997 quae
2686 2907 2796 2974 vel

587 3014 1008 3081 excluduntur
1053 3014 1159 3079 vel
1193 3017 1617 3099 requiruntur,
1662 3018 1716 3079 si
1762 3019 1938 3080 cuius
1980 3019 2076 3079 rei
2117 3008 2196 3079 τὸ
2240 3017 2305 3079 τί
2348 3004 2431 3094 ἦν
2477 3009 2646 3079 εἶναι
2686 3034 2796 3077 ve-

585 3117 771 3183 limus
820 3139 977 3197 esse,
1020 3120 1210 3182 unice
1253 3117 1438 3183 simul
1484 3118 1722 3184 cadunt
1764 3122 1832 3183 in
1874 3112 1960 3182 τὰ
2002 3122 2227 3201 γένους
2272 3118 2409 3196 εἴδη
2446 3119 2601 3195 012,
2645 3117 2703 3181 h.
2738 3137 2793 3180 e.

584 3224 653 3285 in
701 3242 807 3285 eas
852 3241 971 3300 reS,
1019 3242 1183 3306 quae
1228 3241 1266 3283 a
1309 3230 1531 3287 natura
1578 3243 1616 3285 a
1659 3242 1903 3310 genere
1946 3220 2027 3285 ad
2072 3223 2318 3306 species
2364 3219 2794 3287 descendente

589 3327 729 3390 sine
775 3322 905 3389 ulla
948 3323 1053 3389 vel
1097 3323 1440 3390 accidentis
1472 3325 1580 3389 vel
1610 3326 1857 3392 fortuiti
1888 3325 2264 3392 admistione
2297 3324 2597 3390 definitae
2628 3334 2792 3390 sunt.

585 3428 727 3493 Hae
786 3436 938 3499 sunt
991 3450 1064 3494 re
1119 3450 1271 3492 vera
1330 3425 1579 3509 οὐσίαι,
1636 3431 1855 3495 harum
1912 3437 2197 3495 naturam
2252 3424 2491 3516 (ὅπερ
2540 3423 2686 3494 τόδε
2732 3451 2793 3493 τι

587 3533 697 3612 ⁰3,
728 3533 788 3612 5,
836 3531 915 3597 of.
947 3531 1028 3596 ad
1057 3532 1127 3597 Γ
1146 3533 1207 3599 2.
1241 3534 1445 3598 10031>
1469 3535 1596 3613 33)
1643 3527 1718 3600 τὸ
1762 3536 1828 3599 τί
1872 3523 1955 3612 ἦν
2002 3526 2167 3598 εἶναι
2210 3530 2453 3610 definit,
2500 3541 2564 3596 et
2608 3534 2794 3596 unice

585 3635 707 3700 τοῦ
749 3658 862 3715 τηε
910 3634 1254 3723 descriptio
1303 3645 1367 3700 et
1413 3636 1774 3723 explicatio,
1832 3658 1963 3703 non
2020 3635 2357 3702 cuiuslibet
2399 3639 2492 3701 rei
2537 3639 2795 3701 circum-

586 3741 866 3825 scriptio,
913 3760 1026 3805 sua
1071 3760 1147 3803 ac
1189 3743 1449 3827 propria
1494 3744 1557 3806 vi
1604 3735 1876 3826 ὁρισμός
1919 3750 2202 3807 vocatur.

708 3837 1021 3931 Ὀρισμός
1077 3852 1143 3907 et
1198 3837 1274 3908 τὸ
1337 3844 1405 3908 τί
1457 3832 1542 3923 ἦν
1597 3841 1764 3909 εἶναι
1820 3847 1908 3909 ita
1964 3848 2130 3909 inter
2174 3866 2244 3908 se
2290 3842 2664 3920 cohaerent,
2722 3851 2794 3906 ut

585 3948 951 4030 saepissime
996 3945 1262 4012 alterum
1308 3968 1425 4033 per
1470 3946 1736 4012 alterum
1782 3948 2163 4015 Aristoteles
2216 3947 2502 4035 explicet.
2593 3947 2793 4010 Sicuti

587 4051 752 4115 enim
798 4049 921 4113 hoc
960 4048 1127 4131 loco,
1173 4051 1284 4117 ubi
1328 4052 1536 4137 agitur
1583 4050 1664 4115 de
1710 4050 2165 4138 cognoscendo
2211 4054 2302 4134 τῷ
2344 4072 2479 4129 τηε,
2520 4050 2646 4115 hoc
2687 4049 2794 4114 de-

581 4151 725 4218 finit
782 4153 1060 4219 adhibita
1117 4156 1239 4219 τοῦ
1294 4150 1579 4237 ὁρισμοῦ
1632 4157 1927 4219 notione:
1984 4151 2063 4221 τὸ
2124 4159 2188 4219 τί
2246 4146 2329 4234 ἦν
2389 4152 2558 4219 εἶναι’
2602 4157 2793 4221 ,ἐστιν

584 4252 759 4322 ὅσων
806 4255 843 4322 ὀ
889 4253 1085 4339 λόγος
1128 4259 1305 4322 ἐστὶν
1351 4252 1642 4342 ὁρισμός,
1687 4260 1772 4323 ita
1819 4258 1969 4323 alibi
2012 4257 2092 4324 ad
2133 4256 2615 4323 describendum
2653 4253 2791 4342 ὁρι-

584 4357 754 4444 σμόν
810 4359 1102 4425 adsciscit
1144 4353 1219 4426 τὸ
1263 4362 1331 4424 τί
1373 4350 1458 4441 ἦν
1503 4357 1696 4440 εἶναι,
1758 4362 1835 4426 cf.
1884 4364 2053 4449 Top.
2100 4362 2129 4427 Ι
2177 4366 2235 4428 5.
2286 4364 2445 4428 10Ιὸ
2486 4362 2600 4427 39:
2657 4362 2794 4426 ἔστι

584 4458 642 4526 δ’
682 4457 838 4550 ὅρος
879 4466 1000 4549 μὲν
1043 4458 1241 4549 λόγος
1285 4460 1322 4530 ὁ
1368 4457 1443 4529 τὸ
1489 4467 1554 4529 τί
1599 4454 1684 4547 ἦν
1729 4463 1893 4532 εἶναι
1946 4468 2304 4552 σημαίνων.
2374 4470 2435 4532 4.
2483 4467 2644 4531 101⁶
2685 4465 2790 4529 21.
