3109 5175
567 363 670 440 90
1416 368 1495 439 A
1541 362 1614 439 6.
1688 364 1919 441 9871».

567 540 853 631 singulas
895 562 999 607 res
1041 540 1377 608 sensibiles
1421 552 1488 608 et
1529 541 1736 608 ideam
1774 546 1877 609 cui
1912 541 2330 609 sufficiantur
2366 545 2647 631 opponit
2682 546 2779 609 in-

567 656 668 710 ter
702 667 773 710 se
810 657 1122 733 tamquam
1154 642 1240 712 τὰ
1276 641 1493 712 πολλοὶ
1531 658 1600 712 et
1632 641 1713 712 τὸ
1747 652 1832 726 ἔν,
1870 646 1949 711 el.
1979 646 2167 712 Plato
2204 646 2287 712 de
2320 668 2456 735 rep.
2487 646 2540 712 X
2572 648 2705 716 596
2718 670 2777 712 a.

567 747 836 816 Pis-eds.
858 752 993 817 265
1007 750 1067 815 d.
1114 748 1349 815 Phaed.
1374 752 1461 817 78
1475 748 1537 815 d.
1570 750 1651 815 al.
1732 750 1965 835 Qualia
2000 754 2128 816 sint
2157 750 2267 816 illa
2300 745 2386 816 τὰ
2419 748 2637 817 πολλά
2668 751 2781 818 de-

567 852 791 919 finitur
824 875 945 942 per
977 856 1327 942 genitivum
1364 856 1496 920 τῶν
1532 851 1944 939 συνωνύμων,
1982 857 2403 941 appositionis
2436 859 2637 921 instar
2671 855 2781 922 ad-

567 956 795 1039 ditum,
854 961 1033 1046 qnasi
1079 956 1249 1023 dicat
1288 952 1378 1022 τὰ
1417 953 1667 1037 πολλά,
1710 952 1758 1023 ἃ
1806 953 2153 1042 συνώνυμά
2197 963 2336 1025 ἐστι
2375 952 2526 1037 τοῒς’
2562 960 2777 1026 εἴδεσι.

567 1062 906 1128 Sensibilia
936 1072 1143 1128 autem
1177 1061 1554 1127 Aristoteles
1601 1083 1676 1126 ex
1721 1064 2035 1127 sententia
2066 1062 2370 1142 Platonis,
2414 1084 2599 1150 qnam
2636 1066 2781 1127 sim·-

566 1167 825 1255 pliciter
865 1167 1088 1233 referri
1129 1169 1265 1252 ipsa
1311 1166 1513 1230 forma
1554 1169 1872 1231 enunciati
1911 1166 2297 1231 documento
2335 1176 2447 1243 est,
2491 1165 2781 1253 appellat

567 1266 918 1357 συνώνυμα
960 1280 1100 1346 τοῖς
1143 1267 1357 1348 εἴδεσι,
1401 1266 1578 1356 quod
1622 1272 1940 1355 aptissime
1984 1269 2219 1335 dictum
2266 1290 2406 1336 esse
2442 1270 2782 1357 apparebit

567 1378 888 1462 reputanti
927 1385 994 1440 et
1021 1371 1492 1438 Aristotelicum
1537 1377 1704 1437 inter
1750 1368 2095 1458 ὁμώνυμος
2139 1384 2204 1439 et
2237 1369 2613 1458 συνώνυμος
2656 1373 2781 1440 dis-

565 1482 805 1544 er‘mcn
838 1488 903 1545 et
926 1477 1212 1544 Platonis
1241 1475 1324 1542 de
1352 1476 1516 1542 ideis
1545 1476 1919 1542 doctrinam.
1980 1475 2358 1542 Aristoteles
2390 1481 2556 1541 enim
2586 1500 2781 1564 quum

567 1582 703 1649 dno
741 1585 808 1648 in
845 1580 1062 1671 lingua
1093 1581 1342 1648 Graeca
1377 1583 1697 1647 inveniret
1727 1579 2043 1658 vocabula
2080 1601 2213 1646 non
2250 1579 2510 1646 multum
2546 1579 2781 1646 distan-

569 1690 657 1752 tia
702 1682 1049 1772 ὁμώνυμος
1092 1697 1157 1751 et
1197 1680 1605 1769 συνώνυμος,
1665 1706 1737 1749 ea
1795 1705 1920 1773 pro
1979 1704 2101 1749 suo
2159 1683 2425 1750 arbitrio
2483 1706 2663 1751 suum
2709 1684 2779 1750 in

566 1810 750 1856 usum
795 1794 883 1856 ita
927 1788 1225 1868 distinxit,
1270 1798 1344 1853 ut
1386 1783 1705 1872 ὁμώνυμα
1747 1787 1992 1853 diceret
2035 1809 2199 1875 quae
2242 1808 2479 1853 nomen
2516 1799 2779 1867 tannim,

567 1889 918 1980 συνώνυμα
962 1914 1126 1980 qnae
1171 1903 1236 1957 et
1278 1911 1517 1956 nomen
1564 1903 1628 1955 et
1671 1893 2087 1958 substantiam
2144 1912 2542 1959 communem
2585 1892 2777 1958 habe—

565 2008 729 2077 rent,
760 1998 839 2062 οἱ.
867 1996 1019 2065 Cat.
1049 1999 1110 2063 1.
1173 1994 1478 2061 Trendel.
1510 1992 1592 2059 de
1623 2017 1724 2060 an.
1754 2019 1817 2083 p.
1849 1997 2000 2062 334.
2064 1996 2255 2083 Atqui
2283 1996 2485 2074 Plato,
2517 1998 2623 2083 qui
2652 2000 2780 2062 sin-

567 2101 753 2191 gulas
793 2122 902 2168 res
946 2099 1282 2167 sensibiles
1325 2109 1670 2187 propterea
1710 2112 1779 2166 et
1817 2110 2081 2166 eatenus
2118 2120 2296 2166 esse
2334 2103 2596 2164 omnino
2634 2120 2778 2164 cen-

569 2217 758 2283 seret,
804 2216 1115 2291 quatenus
1162 2205 1243 2269 ab
1277 2203 1421 2268 idea
1452 2204 1661 2290 aliqua
1693 2206 2260 2283 conformarentur,
2303 2204 2599 2292 prolecto
2643 2222 2779 2267 non

569 2312 844 2375 nominis
885 2309 1106 2387 modo,
1149 2307 1264 2373 sed
1307 2307 1701 2374 substantiae
1737 2312 1924 2375 etiam
1955 2312 2466 2374 communionem
2497 2326 2637 2372 esse
2666 2326 2781 2370 vo-

570 2411 691 2478 luit
735 2417 902 2477 inter
943 2411 1120 2477 ideas
1165 2422 1232 2476 et
1276 2433 1377 2476 res
1422 2415 1499 2477 iis
1537 2411 1876 2478 subiectas,
1946 2413 2173 2499 Quare
2206 2423 2380 2478 recte
2415 2432 2491 2477 ex
2528 2421 2781 2475 senten-

567 2521 660 2582 tia
703 2517 993 2581 Platonis
1050 2514 1372 2580 sensibilia
1430 2515 1727 2581 dicuntur
1776 2512 2124 2602 συνώνυμα
2164 2522 2305 2594 τοῖς
2346 2512 2558 2581 εἴδεσι.
2644 2513 2777 2579 Sed

571 2622 770 2688 obiici
815 2621 1008 2686 video
1054 2620 1202 2685 hnic
1245 2620 1651 2707 explicationi
1697 2622 1820 2701 (cf.
1867 2619 2172 2686 Trendel.
2220 2620 2261 2687 l.
2307 2620 2407 2702 1.),
2460 2630 2526 2685 et
2568 2619 2781 2685 Plato-

567 2748 718 2792 nem
765 2745 1100 2812 numquam
1145 2719 1564 2809 συνωνύμους
1607 2723 1824 2790 dicere
1862 2724 2041 2790 ideas
2081 2736 2145 2790 et
2176 2745 2283 2790 res
2318 2722 2670 2802 sensibiles,
2715 2733 2783 2789 et

573 2830 657 2896 ab
720 2828 1068 2896 Aristotele
1123 2827 1276 2894 alibi
1332 2828 1414 2894 de
1465 2827 1685 2893 eadem
1728 2850 1801 2894 re
1844 2831 2134 2915 usurpari
2177 2826 2559 2893 vocabulum
2602 2823 2782 2912 ὁμώ-

569 2957 801 3021 νυμοςτ
861 2956 1025 3021 quae
1077 2935 1294 2998 nescio
1341 2953 1423 2996 an
1467 2935 1820 3020 speciosius
1867 2932 2271 3020 disputentur
2314 2953 2497 3018 quam
2543 2933 2778 2996 verius.

576 3041 827 3105 Etenim
872 3037 1206 3103 discrimen
1251 3035 1410 3130 illud
1455 3039 1624 3100 inter
1669 3031 2011 3121 ὁμώνυμος
2048 3047 2112 3101 et
2153 3030 2526 3122 συνώνυμος
2569 3057 2780 3122 neque

567 3165 651 3209 vex
696 3146 945 3230 origine
989 3142 1216 3207 borum
1259 3138 1719 3205 vocabulorum
1764 3161 1974 3226 neque
2020 3161 2095 3204 ex
2140 3144 2454 3206 communi
2500 3162 2620 3206 usu
2660 3140 2781 3205 lin-

571 3269 741 3337 guae
783 3246 1139 3333 repetitum,
1184 3248 1323 3332 ipse
1369 3252 1762 3309 commentus
1802 3255 1899 3309 est
1934 3253 1997 3309 et
2034 3264 2155 3330 pro
2194 3264 2316 3309 suo
2353 3243 2616 3308 arbitrio
2656 3253 2784 3308 sta*

567 3354 698 3417 -tuit
741 3349 1147 3426 Aristotelem
1201 3347 1370 3436 apud
1415 3346 1746 3413 Platonem
1799 3345 2041 3412 nullum
2087 3351 2223 3413 eius
2268 3346 2640 3412 discriminis
2686 3357 2785 3412 est

576 3457 943 3543 vestigium3
986 3457 1043 3519 is
1091 3457 1272 3533 enim,
1317 3464 1391 3519 ut
1435 3463 1531 3518 est
1577 3450 1942 3540 religiosior
1983 3455 2050 3516 in
2086 3450 2417 3516 retinenda
2451 3453 2681 3516 usitata
2716 3453 2782 3515 vi

573 3558 1058 3638 vocabulorum,
1102 3554 1446 3643 ὁμώνυμος
1489 3567 1825 3641 utrumque
1869 3557 1934 3621 in
1979 3576 2230 3621 sensum
2276 3565 2555 3641 usurpat,
2600 3565 2672 3619 ut
2717 3566 2784 3619 et

577 3683 813 3729 nomen
849 3684 973 3727 una
1013 3685 1153 3728 oum
1182 3662 1533 3728 substantia
1564 3661 1770 3743 (Tim.
1802 3662 1889 3726 52
1902 3682 1955 3739 a,
1986 3660 2064 3724 cf.
2095 3659 2332 3725 Phaed.
2362 3661 2543 3740 78e)
2572 3669 2639 3724 et
2666 3679 2784 3724 no-

575 3787 726 3831 men
769 3768 910 3832 sine
953 3767 1302 3832 substantia
1349 3786 1684 3831 commune
1720 3763 2043 3852 significet
2080 3765 2297 3844 (Prot.
2322 3763 2530 3829 3111).
2574 3764 2780 3828 Parm.

582 3869 827 3950 laad),
873 3870 953 3936 cf.
999 3869 1180 3936 Alex.
1224 3895 1290 3957 p.
1325 3872 1431 3950 38,
1474 3872 1580 3935 19.
1655 3869 1783 3933 lam
1828 3867 2206 3934 Aristoteles
2248 3867 2357 3932 ubi
2399 3866 2598 3932 refert
2640 3871 2785 3932 sim·

578 3973 830 4061 pliciter
856 3972 1145 4039 Platonis
1179 3976 1575 4052 sententiam,
1619 3972 1700 4037 ad
1737 3970 2217 4060 significandam
2246 3974 2576 4050 rationem,
2618 3993 2784 4057 quae

579 4075 758 4143 ideas
802 4078 968 4142 inter
1012 4088 1079 4142 et
1120 4100 1224 4143 res
1268 4077 1605 4144 sensibiles
1645 4076 2011 4155 intercedat,
2054 4072 2381 4141 vocabulis
2425 4077 2626 4139 utitur
2668 4093 2786 4140 συ-

547 4175 876 4266 .νώνυμος
916 4180 1020 4247 vel
1065 4178 1185 4267 οὐχ
1229 4176 1589 4266 ὁμώνυμος,
1633 4180 1832 4246 veluti
1877 4181 1938 4245 h.
1982 4179 2022 4244 l.
2072 4190 2137 4244 et
2179 4180 2229 4244 I
2270 4180 2371 4243 10.
2422 4179 2630 4244 1059«
2670 4180 2781 4244 13:

580 4287 800 4350 καίτοι
853 4285 948 4370 τῷ
1004 4280 1159 4352 εἴδει
1213 4279 1421 4351 ταύτὰ
1479 4288 1735 4369 λέγεται
1788 4279 1955 4349 εἶναι
2004 4278 2089 4350 τὰ
2133 4281 2271 4362 εἴδη
2313 4291 2455 4358 τοῖς
2496 4284 2628 4347 τισὶ
2670 4285 2785 4349 καὶ

581 4386 700 4474 οὐχ
746 4385 1087 4474 ὁμώνυμαε
1144 4389 1257 4455 ubi
1305 4409 1461 4453 vero
1508 4388 1807 4455 iudicium
1851 4388 2066 4453 ferens
2111 4386 2193 4451 de
2237 4384 2527 4451 doctrina
2574 4385 2787 4452 Plato-

581 4496 722 4559 nioa
766 4491 937 4559 illam
981 4493 1369 4561 substantiae
1407 4497 1914 4560 communionem
1953 4494 2122 4558 inter
2154 4489 2363 4556 ideam
2403 4499 2470 4555 et
2502 4510 2606 4556 res
2640 4511 2786 4556 sen-
