3109 5175
558 313 700 390 186
1387 315 1463 386 Γ
1500 314 1570 388 3.
1653 310 1840 388 1005
1859 312 1925 388 b.

557 512 837 558 errorem
879 510 1016 557 non
1059 489 1348 572 admittit,
1391 490 1509 556 sed
1551 484 1846 576 μάλιστα
1889 488 2198 577 γνωρίζει,
2248 492 2613 557 necessario
2656 490 2767 556 ha-

553 595 667 661 bet
710 588 922 681 ἀρχὴν
965 590 1494 679 γνωριμωτάτην.
1583 596 1729 660 Hoc
1785 607 2047 682 apparet
2105 599 2497 681 comparanti
2554 596 2765 681 hypo·

555 700 750 765 thesis
793 701 1125 764 notionem
1172 689 1672 776 Aristotelicam3
1721 709 1817 763 est
1862 702 2029 764 enim
2058 699 2454 785 ‘hypothesis
2499 695 2573 764 ea
2609 720 2765 785 pro-

550 805 789 891 positio
852 802 934 867 ad
988 802 1546 868 demonstrandum
1593 802 1905 880 adhibita,
1963 823 2126 888 quae
2170 825 2362 888 quum
2406 806 2610 889 possit
2653 803 2766 869 de-

550 910 887 973 monstrari
934 928 1068 972 non
1116 906 1615 988 demonstratur,
1674 916 1740 996 et
1782 908 2141 971 necessaria
2186 927 2320 971 non
2366 917 2463 972 est
2508 910 2597 985 ei,
2654 911 2767 994 qui

548 1034 681 1077 rem
742 1022 841 1077 est
898 1014 1268 1099 cogniturus
1324 1010 1447 1093 (cf.
1494 1012 1616 1077 An.
1659 1022 1827 1097 post.
1872 1012 1903 1075 1
1948 1012 2011 1074 2.
2059 1012 2180 1076 72⁸
2223 1012 2336 1075 13:
2396 1009 2648 1096 ἀμέσου
2693 1008 2754 1077 δ’

551 1112 759 1202 ἀρχῆς
793 1116 1283 1200 συλλογιστικῆς
1320 1117 1520 1182 θέσιν
1550 1116 1673 1198 μὲν
1710 1117 1874 1200 λέγω
1914 1110 1997 1195 ἢν
2031 1108 2125 1199 μὴ
2161 1115 2299 1179 ἔστι
2333 1113 2555 1194 δεῖξαι,
2594 1112 2752 1199 μηδ’

551 1216 808 1303 ἀνάγκη
854 1220 1016 1304 ἔχειν
1060 1212 1178 1283 τὸν
1221 1213 1711 1301 μαθησόμενόν
1753 1238 1848 1284 τι·
1899 1214 1986 1299 ἢν
2029 1216 2088 1283 δ’
2131 1212 2387 1302 ἀνάγκη
2433 1220 2599 1305 ἔχειν
2640 1212 2762 1286 τὸν

553 1320 776 1388 ὁτιοῦν
803 1318 1293 1407 μαθησόμενον
1330 1319 1612 1405 ἀξίωμα.
1647 1359 1729 1375 -
1775 1325 2030 1399 θέσεως
2071 1317 2132 1386 δ’
2166 1318 2209 1401 ἡ
2244 1324 2366 1406 μὲν
2405 1319 2765 1412 ὁποτερον-

552 1427 671 1492 οῦν
715 1428 845 1490 τῶν
900 1429 1151 1510 μορίων
1208 1427 1328 1505 τῆς
1385 1421 1828 1515 ἀποφάνσεως
1883 1420 2350 1510 λαμβάνουσα,
2406 1423 2552 1491 οἷον
2594 1428 2762 1510 λέγω

551 1523 627 1595 τὸ
675 1526 844 1595 εἶναι’
886 1551 950 1594 τι
995 1522 1038 1609 ἢ
1080 1523 1174 1614 μὴ
1220 1526 1389 1595 εἶναι’
1419 1552 1499 1609 τι,
1543 1525 1887 1605 ὑπόθεσις.
1963 1531 1994 1594 Ι
2030 1532 2128 1595 10.
2165 1531 2279 1595 76⁶
2302 1531 2419 1595 23:
2465 1526 2584 1596 οὐκ
2626 1531 2766 1596 ἔστι

553 1630 613 1699 δ’
652 1629 977 1711 ὑπόθεσις
1012 1631 1152 1699 οὐδ’
1189 1631 1456 1718 αἴτημα,
1495 1627 1535 1699 ὃ
1576 1629 1830 1718 ἀνάγκη
1874 1626 2045 1699 εἶναι
2077 1631 2162 1699 δι’
2199 1626 2362 1700 αὑτὸ
2398 1634 2510 1698 καὶ
2548 1634 2765 1700 δοκεῖν

551 1733 827 1820 ἀνάγκη.
875 1775 957 1791 -
1018 1733 1149 1804 ὅσα
1204 1740 1326 1823 μὲν
1381 1728 1501 1804 οὖν
1559 1731 1781 1803 δεικτά
1838 1730 2004 1803 ὄντα
2053 1732 2383 1823 λαμβάνει
2424 1730 2626 1813 αὐτὸς
2666 1730 2763 1821 μὴ

551 1838 797 1919 δείξας,
849 1839 1036 1908 ταῦτ’
1089 1837 1208 1907 ὲάν
1259 1844 1383 1926 μὲν
1438 1841 1764 1908 δοκοῦντα
1819 1836 2130 1931 λαμβάνῃ
2183 1835 2276 1924 τῷ
2330 1835 2765 1924 μανθάνοντι

550 1943 966 2014 ὑποτίθεται.
1024 1947 1253 2011 Waitz
1284 1946 1447 2034 Org.
1479 1946 1528 2011 1.
1560 1970 1624 2033 p.
1656 1947 1844 2026 428),
1890 1966 2155 2031 quorum
2198 1955 2491 2009 neutrum
2532 1943 2764 2010 cadere

549 2061 765 2138 potest
808 2055 874 2116 in
921 2073 1225 2116 summum
1272 2048 1748 2115 demonstrandi
1793 2051 2189 2136 principium.
2258 2047 2458 2133 Quod
2507 2048 2763 2134 quidem

550 2166 625 2219 ut
668 2165 734 2218 et
770 2150 1274 2240 γνωριμώτατον
1311 2164 1376 2218 et
1413 2148 1841 2220 ἀνυπόθετον
1880 2156 1978 2230 sit,
2022 2156 2108 2217 ita
2150 2163 2577 2238 comparatum
2618 2174 2762 2218 esse

554 2269 827 2343 oportet,
871 2269 942 2322 ut
986 2280 1166 2323 error
1210 2262 1275 2322 in
1324 2277 1404 2321 eo
1452 2256 1663 2321 locum
1707 2278 1844 2321 non
1885 2256 2119 2321 habeat
2154 2277 2277 2320 nec
2314 2258 2638 2342 quisquam
2678 2256 2762 2321 de

554 2383 636 2427 eo
683 2360 817 2425 falli
861 2365 1065 2448 possit
1106 2362 1297 2448 (περὶ
1340 2355 1425 2439 ἢν
1469 2361 1973 2451 διαψευσθῆναι
2016 2355 2350 2425 ἀδύνατον
2384 2361 2572 2441 ῠ12).
2653 2361 2764 2425 At-

554 2487 678 2551 que
721 2469 808 2531 ita
854 2465 1106 2553 quidem
1154 2474 1585 2551 comparatum
1633 2485 1771 2530 esse
1809 2466 2189 2552 principium
2220 2463 2763 2542 contradictionis,

551 2579 883 2657 postquam
943 2573 1148 2658 ipsum
1193 2571 1533 2657 proposuit
1576 2571 1935 2647 519—23,
1995 2566 2390 2633 demonstrat
2429 2569 2758 2635 ⁶23—31

554 2674 724 2739 hunc
766 2679 832 2739 iu
876 2674 1154 2741 modum.
1244 2675 1312 2738 Si
1357 2695 1580 2739 verum
1626 2684 1750 2754 est,
1803 2672 1977 2760 quod
2022 2675 2285 2757 ponitur
2329 2674 2397 2738 in
2440 2676 2759 2760 principio

557 2778 1096 2858 contradictioni8‚
1139 2779 1282 2845 fieri
1327 2799 1461 2843 non
1500 2799 1692 2865 posse
1728 2787 1799 2843 ut
1835 2779 2155 2841 contraria
2192 2776 2375 2841 simul
2419 2776 2625 2857 eidem
2665 2780 2760 2842 rei

553 2884 775 2961 insint,
830 2886 1003 2968 atqui
1050 2885 1366 2949 contraria
1412 2893 1510 2947 est
1551 2884 1914 2969 propositio
1963 2879 2283 2944 affirmans
2329 2880 2568 2968 aliquid
2611 2902 2761 2969 pro·

553 2988 861 3072 positioni
907 2986 1073 3051 idem
1121 2990 1383 3075 neganti
1434 2987 1552 3066 (cf.
1602 2984 1681 3049 de
1727 2988 1989 3069 interpr.
2037 2986 2192 3065 14)2
2238 2984 2379 3049 fieri
2422 2989 2646 3072 nequit
2688 2996 2761 3051 ut

556 3092 726 3174 quis,
772 3089 946 3175 quod
993 3091 1291 3168 affirmat,
1337 3089 1506 3155 idem
1551 3087 1739 3153 simul
1784 3098 1995 3175 neget,
2038 3086 2106 3153 id
2154 3099 2252 3154 est
2296 3098 2503 3154 autem
2548 3100 2620 3155 ut
2661 3112 2761 3156 re-

554 3203 801 3279 pugnet
858 3195 1173 3280 principio
1234 3194 1775 3260 contradictionis.
1865 3192 2012 3277 Qua
2065 3192 2321 3285 'quidem
2365 3205 2763 3281 argumenta-

555 3299 732 3361 tione
763 3297 1143 3364 Aristoteles
1186 3320 1582 3385 nequaquam
1628 3295 1947 3384 putandus
1994 3307 2092 3362 est
2133 3301 2338 3384 ipsum
2381 3301 2758 3385 principium

559 3402 1077 3467 contradictionis
1122 3402 1554 3468 demonstrare
1607 3400 1918 3480 voluisse,
1975 3401 2148 3487 quod
2206 3423 2326 3467 nec
2380 3423 2574 3488 posse
2616 3402 2761 3468 fieri

557 3511 892 3593 perspexit,
940 3519 1004 3572 et
1047 3511 1099 3572 si
1145 3512 1234 3574 ita
1279 3506 1593 3572 voluisset
1635 3505 1961 3591 perficere,
2004 3507 2071 3569 in
2117 3508 2492 3592 petitionem
2531 3509 2761 3594 princi·

554 3613 643 3696 pii
687 3613 872 3676 nimis
917 3612 1309 3677 manifestam
1353 3610 1699 3676 incidisset.
1770 3610 1916 3673 Hoc
1956 3613 2171 3693 potius
2206 3610 2460 3676 videtur
2498 3609 2761 3677 demon-

555 3725 756 3780 strare
795 3714 1093 3795 voluisse,
1138 3738 1275 3780 eam
1316 3736 1455 3780 esse
1492 3714 1682 3778 huius
1719 3715 2012 3799 principii
2051 3724 2355 3794 naturam,
2399 3725 2470 3780 ut
2512 3718 2579 3781 si
2621 3737 2758 3802 po-

554 3828 789 3882 natur
830 3822 1037 3905 ipsum
1082 3842 1199 3905 per
1241 3841 1311 3885 se
1357 3840 1573 3883 verum
1619 3839 1789 3895 esse,
1844 3816 1999 3883 inde
2052 3830 2503 3906 consequatur,
2560 3830 2631 3885 ut
2675 3818 2756 3884 ab

555 3920 847 3986 omnibus
892 3934 1202 4009 tamquam
1246 3945 1463 3988 verum
1509 3931 1915 4010 agnoscatur.

597 4062 603 4075 ι
692 4027 892 4089 10051»
923 4029 1003 4091 19
1048 4021 1137 4092 τὸ
1181 4023 1334 4113 γὰρ
1380 4022 1581 4092 αὐτὸ
1628 4060 1712 4075 -
1760 4028 1847 4091 23
1892 4022 2176 4112 ἀρχῶν.
2245 4025 2511 4092 Inclusis
2545 4029 2614 4091 in
2650 4047 2760 4113 pa·

554 4129 832 4194 renthesi
876 4133 951 4194 iis
989 4131 1219 4209 verbiS,
1265 4154 1426 4218 quae
1458 4134 1644 4197 unice
1675 4129 2052 4216 explicando
2085 4142 2151 4196 et
2177 4129 2540 4218 supplendo
2571 4152 2760 4216 quae-

556 4232 697 4298 dam
745 4236 1097 4300 inserviunt
1139 4236 1218 4300 cf.
1257 4237 1403 4313 ⁶27,
1450 4237 1939 4300 concinnitatem
1976 4239 2296 4302 enunciati
2330 4240 2575 4301 auxisse
2608 4236 2760 4299 mihi

555 4337 811 4415 videor3
856 4361 1126 4425 namque
1170 4334 1247 4405 τὸ
1292 4333 1421 4426 γὰρ
1468 4362 1531 4402 α.
1581 4332 1646 4403 ἀ.
1694 4336 1751 4404 ὑ.
1793 4362 1850 4405 κ.
1887 4365 1955 4423 μ.
1994 4338 2050 4404 ὑ.
2097 4337 2429 4406 ἀδύνατον
2471 4342 2626 4419 (int.
2672 4334 2761 4405 εἴ·

554 4446 706 4523 ναι)
743 4465 797 4507 τ.
830 4467 894 4506 α.
923 4467 979 4509 κ.
1014 4467 1069 4508 κ.
1109 4438 1184 4508 τὸ
1220 4439 1384 4509 αὐτό
1419 4442 1771 4510 subiectum
1807 4453 1902 4509 est
1940 4445 2277 4522 enunciati‚
2314 4442 2489 4531 quod
2525 4440 2762 4508 deinde

560 4569 677 4633 per
730 4568 1092 4634 pronomen
1147 4541 1314 4626 αὕτη
1370 4550 1437 4612 in
1494 4551 1769 4613 animum
1814 4545 2086 4635 legentis
2128 4558 2483 4613 revocatur.
2572 4545 2763 4631 Quae
