3109 5175
536 366 636 442 70
1380 366 1457 437 A
1504 363 1575 438 3.
1646 361 1877 438 98411.

404 621 413 632 ε
539 546 744 622 tione,
802 552 868 608 et
909 550 1405 607 consentaneum
1453 550 1551 605 est
1594 538 1832 604 collato
1877 541 2211 625 superiore
2254 536 2406 602 loeo
2450 537 2619 614 «129,
2677 548 2745 603 et

538 646 690 712 inde
747 640 1187 726 confirmatur,
1239 642 1413 732 quod
1472 646 1539 708 in
1586 641 1857 721 Eleatis‚
1916 644 2152 729 quippe
2203 644 2308 726 qui
2353 640 2744 707 immobilem

538 761 894 816 statuerent
924 772 1130 815 rerum
1168 749 1659 824 universitatem,
1698 768 1782 811 ne
1826 749 2040 832 quaeri
2078 743 2329 830 quidem
2365 754 2628 831 poterat
2662 744 2747 810 de

541 875 728 919 causa
771 856 1055 919 motrice.
1145 852 1251 919 De
1307 848 1584 915 formula
1637 851 1708 914 ἓν
1765 846 1845 913 τὸ
1899 852 2035 914 πᾶν
2078 848 2157 912 cl.
2204 846 2286 911 ad
2330 848 2391 913 8.
2436 851 2601 914 9881»
2638 850 2746 915 22.

540 959 726 1022 Unus
755 955 1160 1023 Parmenides
1198 953 1673 1041 quodammodo
1715 974 1962 1017 causam
1999 955 2323 1017 motricem
2361 955 2592 1037 posuit,
2639 974 2751 1018 ne-

541 1082 665 1146 que
710 1071 920 1125 tamen
963 1063 1030 1124 in
1076 1080 1168 1136 ea,
1214 1061 1318 1122 cui
1357 1061 1497 1145 ipse
1536 1054 1730 1121 fidem
1768 1055 2005 1133 habuit,
2049 1054 2475 1142 philosophia,
2520 1055 2636 1122 sed
2677 1061 2750 1122 ἐν

540 1171 682 1239 τοῖς
724 1159 891 1251 πρὸς
933 1157 1153 1241 δόξαν,
1197 1160 1308 1226 ubi
1352 1160 1605 1248 quidem
1650 1180 1949 1224 sensuum
1994 1158 2232 1223 iudicio
2278 1170 2345 1223 et
2385 1157 2566 1246 vulgi
2611 1161 2753 1247 opi-

542 1265 843 1330 nionibus
878 1275 1119 1331 tantum
1156 1269 1488 1342 concessit,
1533 1274 1606 1329 ut
1639 1266 2134 1352 generationem,
2178 1283 2361 1347 quam
2398 1261 2750 1326 tollendam

541 1366 828 1433 funditus
863 1381 1277 1457 cognoverat,
1322 1368 1638 1453 explicare
1667 1366 1968 1443 studeret,
2011 1365 2092 1428 cf.
2120 1366 2325 1430 Parm.
2355 1389 2416 1429 v.
2452 1366 2581 1430 112
2611 1387 2750 1451 sqq.

544 1472 756 1536 Karst.
831 1472 1052 1558 Itaque
1094 1470 1530 1536 Parmenidem
1576 1468 1950 1535 Aristoteles
1996 1478 2256 1532 eatenus
2299 1467 2495 1535 modo
2542 1489 2754 1533 acces-

543 1578 701 1639 sisse
739 1574 894 1639 dicit
925 1574 1009 1640 ad
1038 1574 1436 1640 stamendum
1469 1577 1848 1663 principium
1879 1592 2162 1649 movens,
2199 1584 2507 1659 quatenus
2544 1567 2752 1653 (κατὰ

542 1678 866 1743 τοσοῦτον
909 1673 1073 1744 ὅσον
1113 1681 1240 1758 ῠ3)
1287 1677 1417 1743 duo
1465 1680 1802 1766 principia,
1847 1675 2117 1741 calidum
2167 1689 2231 1741 et
2272 1674 2594 1764 frigidum,
2638 1697 2755 1761 po-

543 1782 687 1857 suit,
732 1779 995 1846 alterum
1041 1790 1114 1845 ut
1156 1802 1440 1860 movens,
1483 1781 1749 1847 alterum
1794 1791 1865 1844 ut
1900 1779 2255 1855 materiale;
2302 1799 2463 1865 quae
2497 1777 2751 1866 quidem

545 1881 677 1947 duo
711 1887 1017 1971 principia
1054 1887 1198 1971 quia
1229 1906 1364 1950 non
1390 1888 1456 1950 in
1480 1888 1618 1972 ipsa
1643 1882 2088 1971 philosophiae
2112 1885 2512 1969 expositione
2538 1882 2653 1948 sed
2682 1888 2755 1949 ἐν

542 1996 683 2062 τοῖς
722 1985 891 2071 πρὸς
924 1983 1130 2066 δόξαν
1163 1991 1395 2068 statuit,
1442 2010 1577 2054 non
1616 1986 1838 2062 ἁπλῶς
1871 1985 1984 2050 sed
2019 2009 2180 2061 πως
2209 1988 2290 2050 Μ
2333 1988 2626 2071 posuisse
2661 1985 2757 2050 di-

547 2091 727 2154 citur.
763 2127 844 2141 —
889 2093 1179 2157 Proxima
1223 2092 1419 2157 verba
1463 2101 1605 2169 τοῖς
1639 2092 1709 2158 δὲ
1745 2092 1943 2155 πλείω
1979 2091 2243 2155 ποιοῦσι
2278 2084 2539 2172 μᾶλλόν
2574 2090 2752 2154 ἐνδέ-

536 2214 721 2276 χεται
753 2194 961 2276 λέγειν
995 2198 1080 2262 ῡ5
1117 2217 1250 2261 non
1291 2195 1597 2261 debemus
1633 2215 1940 2280 quaerere
1971 2192 2049 2258 ad
2083 2213 2267 2279 quem
2298 2192 2752 2278 philosophum

544 2295 882 2361 referenda
940 2302 1095 2377 sint,
1153 2302 1262 2384 qui
1318 2321 1507 2386 quum
1567 2298 1749 2385 plura
1808 2307 2110 2365 statueret
2161 2294 2474 2360 elementa
2518 2298 2628 2360 uni
2675 2318 2754 2361 ex

544 2397 641 2461 his
688 2399 980 2467 tribuerit
1021 2405 1145 2467 vim
1191 2405 1537 2467 motricem.
1610 2403 1885 2465 Tantum
1932 2404 2096 2464 euim
2144 2398 2297 2464 dicit
2339 2399 2750 2464 Aristoteles:

542 2505 919 2588 potuisse
966 2524 1079 2569 eos
1123 2505 1565 2591 philosophos,
1612 2507 1717 2590 qui
1763 2504 1946 2592 plura
1990 2514 2341 2570 statuerent
2377 2525 2585 2568 rerum
2626 2502 2754 2569 ele-

543 2616 772 2685 menta,
817 2608 1061 2675 facilius
1105 2613 1446 2697 pervenire
1490 2608 1572 2673 ad
1616 2609 2058 2673 inveniendam
2106 2629 2354 2672 causam
2394 2611 2754 2685 motricem3

544 2719 736 2794 atque
793 2711 861 2777 id
921 2734 1034 2778 eos
1081 2716 1456 2801 potuisse
1501 2714 1800 2797 proximis
1844 2712 2055 2776 verbis
2103 2710 2392 2798 exemplo
2439 2713 2755 2777 Parmeni-

545 2810 641 2875 dis
684 2811 960 2880 illustrat
1002 2812 1147 2882 οἷον
1173 2825 1314 2892 τοῖς
1342 2809 1606 2902 θερμὸν
1633 2817 1746 2881 καὶ
1773 2809 2031 2902 ψυχρὸν
2059 2816 2212 2891 κτλ,
2256 2837 2438 2901 quem
2480 2815 2754 2882 eundem

541 2917 663 2979 iam
703 2929 886 2983 antea
923 2918 1079 2984 dixit
1112 2932 1372 2985 eatenus
1403 2940 1651 2983 causam
1687 2922 2031 2996 motricem,
2074 2919 2447 3003 principium
2485 2940 2753 2985 movens
2867 2922 2874 2931 '

544 3024 853 3098 statuisse,
897 3032 1207 3107 quatenus
1251 3037 1385 3087 nou
1434 3042 1619 3086 unam
1661 3021 1781 3085 sed
1828 3020 1984 3085 duas
2023 3043 2243 3086 causas
2282 3043 2423 3086 esse
2459 3032 2752 3111 poneret.

547 3120 655 3205 Ad·
694 3124 1126 3190 Pannenidem
1187 3129 1351 3190 enim
1408 3123 1747 3190 referenda
1801 3145 1941 3189 esse
1987 3126 2144 3190 haec
2184 3123 2379 3189 verba
2426 3121 2570 3190 οἷον
2613 3135 2755 3204 τοῖς

541 3227 676 3289 κτλ.
725 3228 1057 3313 apparebit
1102 3229 1459 3293 conferenti
1506 3230 1567 3293 5.
1615 3230 1776 3299 986⁶
1810 3230 1918 3293 31.
1979 3228 2062 3292 de
2106 3250 2253 3315 gen.
2299 3240 2366 3294 et
2410 3213 2572 3294 corr.
2612 3229 2644 3295 1
2688 3231 2751 3294 3.

541 3329 704 3393 318ὺ
736 3332 798 3393 6.
876 3329 1076 3415 Quod
1123 3335 1175 3396 si
1221 3334 1361 3417 quis
1400 3330 1854 3417 Empedoclem
1903 3336 2117 3417 potius
2165 3334 2259 3396 his
2303 3332 2516 3396 verbis
2560 3335 2757 3420 signi-

541 3429 717 3494 ficari
763 3437 1110 3518 putaverit,
1170 3437 1466 3522 quoniam
1516 3438 1569 3499 is
1614 3438 1826 3522 ignem
1873 3435 2129 3521 reliquis
2176 3436 2375 3501 tribus
2422 3435 2753 3500 elementis

542 3540 920 3620 opposuerit
951 3548 1016 3603 et
1051 3541 1353 3604 maiorem
1398 3543 1454 3602 ei
1497 3537 1866 3625 dignitatem
1908 3539 2215 3616 tribuerit,
2255 3538 2332 3604 c'f.
2373 3538 2452 3603 ad
2490 3542 2550 3607 4.
2581 3541 2753 3605 985⁰

537 3640 641 3715 31,
678 3661 750 3703 ea
784 3639 1036 3726 quidem
1070 3644 1231 3707 ratio
1264 3636 1551 3730 argutior
1580 3641 1834 3706 videtur
1865 3663 2005 3707 esse
2037 3663 2220 3728 quam
2252 3646 2496 3717 verior3
2537 3645 2751 3730 ignem

540 3744 706 3805 enim
754 3740 904 3808 licet
949 3744 1376 3829 Empedocles
1422 3766 1614 3832 supra
1660 3744 1901 3832 reliqua
1951 3745 2262 3810 elementa
2309 3744 2618 3832 dignitate
2664 3745 2754 3809 ef-

535 3842 745 3921 ferret,
782 3855 990 3910 tamen
1025 3849 1127 3910 vix
1163 3847 1416 3912 videtur
1444 3857 1686 3913 tantum
1720 3870 1754 3912 a
1786 3871 1899 3913 sua
1931 3852 2127 3934 ipsius
2164 3851 2477 3913 sententia
2518 3847 2753 3913 disces-

535 3947 724 4022 sisse,
783 3959 854 4012 ut
912 3948 1288 4013 vindicatam
1343 3954 1656 4016 amicitiae
1703 3963 1766 4016 et
1809 3934 2208 4017 contentioni
2254 3955 2377 4017 vim
2424 3955 2752 4017 motricem

539 4046 618 4111 ad
667 4049 792 4113 hoc
837 4049 1218 4116 elementum
1265 4054 1655 4119 transferret.

666 4154 897 4218 984128
940 4148 1142 4236 μετὰ
1183 4155 1267 4220 δὲ
1302 4152 1653 4235 τούτους
1699 4195 1780 4209 -
1825 4159 1914 4222 22
1958 4167 2135 4233 τοῖς
2181 4147 2437 4224 οὖσιν.
2507 4155 2753 4245 Cogni-

534 4256 613 4316 tis
658 4254 756 4318 his
804 4254 1057 4320 duobus
1104 4278 1432 4323 causarum
1477 4260 1848 4347 generibus,
1901 4255 2067 4344 μετὰ
2111 4284 2231 4337 τας
2274 4256 2585 4336 τοιαύτας
2628 4257 2752 4346 ἀρ·

525 4351 652 4439 χάς
698 4357 757 4421 h.
792 4379 848 4422 e.
888 4352 1010 4435 τὰς
1044 4354 1271 4437 ὑλικὰς
1302 4364 1415 4427 καὶ
1453 4359 1576 4440 τὰς
1611 4360 1973 4445 ποιητικάς,
2014 4367 2151 4450 ipsa
2189 4365 2475 4429 veritatis
2512 4366 2573 4427 vi
2607 4384 2752 4428 coa·

532 4462 616 4523 cti
663 4461 782 4539 (cl'.
825 4461 906 4526 ad
945 4465 1143 4544 als),
1189 4468 1487 4550 quoniam
1534 4466 1699 4533 ordo
1747 4490 1952 4534 rerum
2000 4490 2120 4534 nec
2164 4468 2244 4532 ab
2286 4468 2617 4533 elementis
2655 4490 2752 4532 re-
