3109 5175
574 346 719 424 ³02
1401 350 1479 419 Ζ
1519 344 1592 421 4.
1676 344 1945 420 1029b.

572 524 897 611 praecipit.
965 523 1271 587 Proximis
1302 531 1513 588 autem
1542 526 1612 588 in
1645 523 1859 589 verbis
1895 530 2105 588 utrum
2139 521 2403 610 vulgata
2439 523 2781 608 scriptura:

572 629 686 694 καὶ
742 629 886 692 τοῦ
943 624 1010 704 ἐξ
1065 623 1324 714 ἀμφοῖν
1376 623 1699 709 πρότερον
1756 627 1941 692 ἔσται
1990 620 2102 689 διὰ
2144 619 2264 691 τὸν
2309 619 2518 691 αὐτὸν
2562 619 2783 708 λόγον,

574 752 658 797 an
703 729 895 794 lectio
931 728 1272 794 Alexandri
1305 752 1368 815 p.
1403 732 1548 806 431,
1586 730 1673 793 24
1710 740 1776 794 et
1808 729 1952 795 eod.
1984 730 2073 794 Ab
2114 740 2180 795 et
2207 731 2637 794 Bessarionis:
2669 730 2784 795 καὶ

574 829 664 902 τὸ
721 829 790 911 ἐξ
845 829 1104 918 ἀμφοῖν
1144 833 1278 896 κτλ.
1336 832 1760 917 praeferenda
1814 835 1927 911 sit,
1984 836 2135 897 satis
2194 831 2453 898 dubium
2511 832 2783 898 videtur.

574 939 790 1024 Quum
847 939 1013 1002 enim
1069 956 1172 1000 res
1217 946 1518 1001 concreta
1561 936 1832 1002 medium
1880 934 2192 1021 quendam
2238 934 2448 1001 locum
2496 935 2786 1001 obtineat

574 1046 742 1107 inter
798 1041 1061 1106 formam
1119 1037 1530 1104 definientem
1587 1050 1655 1104 et
1700 1038 2092 1105 indefinitam
2137 1043 2493 1118 materiam,
2550 1050 2785 1106 utrum-

576 1168 702 1231 que
746 1148 835 1209 ita
879 1152 1096 1229 potest
1139 1140 1438 1227 explicari
1482 1152 1555 1208 ut
1597 1153 1773 1207 recte
1815 1164 1885 1207 se
1929 1142 2166 1208 habere
2209 1142 2529 1219 videam-3
2575 1154 2782 1209 utmm

576 1250 903 1334 scripserit
947 1244 1321 1310 Aristoteles
1367 1255 1497 1310 tum
1556 1245 1806 1310 demum
1865 1255 2043 1311 certo
2099 1256 2323 1330 posset
2379 1245 2672 1325 iudicari,
2729 1249 2786 1311 si

576 1355 729 1417 satis
788 1357 1110 1415 constaret
1166 1369 1293 1434 quo
1351 1360 1599 1436 spectet
1654 1353 1946 1414 universa
2005 1348 2169 1414 haec
2212 1353 2597 1414 enunciatio.
2689 1352 2786 1414 Ac

577 1463 885 1541 sequente
943 1451 1196 1535 quidem
1256 1451 1703 1538 disputationis
1757 1463 1939 1539 parte
1983 1463 2251 1538 utraque
2292 1452 2549 1517 videtur
2589 1452 2782 1518 lectio

580 1552 1009 1624 commendari
1045 1574 1266 1640 posse;
1307 1558 1536 1622 etenim
1571 1556 1769 1621 modo
1807 1558 1945 1621 «29
1978 1549 2055 1620 τὸ
2090 1552 2261 1632 εἶδος
2290 1557 2404 1622 καὶ
2438 1550 2519 1621 τὸ
2552 1553 2620 1635 ἐξ
2652 1553 2784 1639 ἁμ-

579 1670 739 1751 φοῖν
783 1661 959 1745 prius
1003 1661 1264 1723 materia
1303 1659 1586 1743 ideoque
1630 1659 2023 1724 substantiae
2068 1652 2335 1745 propius
2374 1657 2543 1738 dicit,
2588 1658 2783 1725 modo

578 1767 714 1830 ⁶31
759 1757 836 1829 τὰ
882 1758 951 1839 ἐξ
995 1757 1252 1849 ἀμφοῖν
1295 1764 1618 1849 posterius
1672 1762 1828 1827 dicit
1882 1784 2054 1827 mera
2113 1785 2189 1826 ac
2232 1761 2520 1848 simplice
2567 1762 2787 1840 forma,

579 1865 823 1950 ὑστέρα
866 1859 995 1949 γὰρ
1040 1867 1194 1942 (int.
1239 1862 1283 1943 ἡ
1330 1862 1398 1943 ἐξ
1443 1862 1703 1953 ἀμφοῖν
1746 1863 1942 1934 οὐσία
1986 1868 2106 1931 τοῦ
2150 1863 2397 1945 εἴδους)
2441 1867 2555 1931 καὶ
2601 1861 2785 1945 δήλη,

579 1973 869 2038 nimirum
914 1970 1128 2034 sensui
1174 1977 1239 2032 et
1283 1971 1714 2054 experientiae
1758 1968 2105 2033 manifesta.

716 2073 1035 2140 1⁰29022
1080 2061 1131 2155 ᾦ
1176 2066 1266 2136 τὸ
1314 2070 1529 2137 εἶναι
1573 2077 1855 2158 ἕτερον
1898 2073 2226 2137 καὶτῶν
2265 2073 2786 2155 κατηγοριῶν

583 2172 902 2264 ἑκάστῃ.
996 2176 1183 2259 Quae
1241 2175 1605 2240 tribuuntur
1660 2178 1959 2241 materiae
2016 2173 2348 2260 qualitates
2409 2175 2785 2242 affectiones

583 2291 734 2357 eet„
786 2299 902 2343 eae
944 2299 1018 2342 re
1061 2278 1312 2363 quidem
1359 2289 1425 2343 et
1470 2282 1831 2345 exsistentia
1877 2302 2016 2345 cum
2061 2281 2321 2344 materia
2366 2280 2435 2342 in
2481 2281 2787 2343 unitatem

582 2382 979 2456 coalescunt3
1035 2385 1308 2446 notione
1365 2390 1575 2448 tamen
1632 2386 1891 2449 materia
1945 2382 2026 2448 ab
2069 2386 2153 2449 iis
2196 2382 2439 2462 differt,
2497 2376 2575 2448 τὸ
2622 2377 2788 2449 εἶναι

582 2493 822 2575 ἕτερον.
890 2484 993 2552 Cf.
1042 2483 1282 2550 Trend.
1329 2486 1478 2551 Kat.
1521 2510 1586 2572 p.
1615 2489 1722 2553 39.

719 2592 928 2657 10294
968 2592 1058 2656 25
1115 2585 1300 2656 οὐδὲ
1353 2583 1448 2669 δὴ
1492 2595 1577 2656 αἱ
1618 2588 2105 2680 ἀποφάσεις.
2196 2591 2536 2669 Materiae,
2592 2613 2786 2676 quum

584 2694 905 2782 quaelibet
959 2695 1282 2780 categoria
1341 2697 1545 2780 possit
1599 2695 2032 2781 praedicande
2087 2698 2420 2782 coniungi,
2474 2694 2654 2759 nulla
2712 2716 2788 2759 ex

585 2798 879 2864 omnibns
926 2800 1270 2884 categoriis
1311 2808 1529 2883 potest
1572 2803 1802 2865 inesse.
1878 2798 2100 2865 Nihilo
2147 2819 2302 2863 vero
2347 2800 2549 2886 magis
2596 2819 2790 2886 nega-

585 2905 795 2968 tiones
840 2904 1331 2989 categoriarum,
1385 2901 1584 2971 veluti
1626 2898 1704 2969 τό
1747 2897 1841 2988 μὴ
1888 2897 1996 2979 ὄν,
2052 2897 2129 2967 τὸ
2174 2896 2446 2980 ἄποιον,
2498 2894 2574 2966 τὸ
2618 2897 2790 2967 ἄπο-

585 3026 725 3084 σον,
773 3009 833 3070 ei
875 3016 1146 3093 possunt
1189 3027 1331 3091 per
1368 3028 1446 3071 se
1489 3010 1717 3084 inesse,
1761 3005 1877 3071 scd
1915 3026 2032 3091 per
2070 3005 2382 3084 accidens,
2429 3001 2791 3090 ὑπάρξουσι

583 3102 755 3173 κατὰ
800 3102 1229 3189 συμβεβηκός.
1314 3109 1567 3173 Etenim
1612 3102 1848 3185 ἄποιος
1890 3114 2148 3175 materia
2196 3110 2321 3175 dici
2366 3119 2598 3195 potest,
2641 3129 2791 3194 que·

585 3223 770 3277 tenus
818 3208 1162 3275 definietur
1203 3230 1321 3297 per
1365 3211 1743 3297 qualitatem,
1790 3207 2047 3290 ἅποσος
2091 3224 2403 3300 quatenus
2446 3212 2790 3281 definietur

586 3337 703 3401 per
745 3317 1188 3401 quantitatem
1247 3315 1570 3400 quaelibet
1623 3317 1821 3403 igitur
1867 3321 2131 3406 negatio
2178 3339 2313 3384 non
2356 3339 2473 3403 per
2514 3338 2617 3394 se,
2674 3313 2790 3380 sed

586 3417 748 3483 alius
798 3418 1122 3485 cuiusdam
1180 3421 1277 3485 rei
1319 3419 1603 3486 adhibite
1643 3425 1894 3487 ratione
1938 3422 2248 3488 tribuetur
2291 3424 2609 3488 materiae.
2682 3417 2785 3485 Cf.

583 3524 660 3594 A
704 3524 767 3591 2.
815 3524 1016 3591 10695
1061 3524 1164 3591 18.

1474 3695 1703 3771 cAP.
1771 3644 1897 3771 lv.

723 3839 908 3917 Quid
961 3841 1049 3904 eit
1099 3833 1176 3904 τὸ
1221 3839 1287 3905 τί
1330 3826 1414 3918 ἦν
1458 3834 1627 3904 εἶναι
1682 3852 1747 3905 et
1802 3840 2035 3928 quibu
2090 3844 2163 3907 ὅτι
2216 3842 2410 3908 rab-u
2466 3864 2657 3907 mm
2711 3864 2792 3908 ac

581 3944 946 4031 principem
988 3942 1223 4009 haheat
1265 3943 1491 4007 heum.

723 4061 925 4124 10296
964 4064 1000 4126 1
1049 4064 1224 4128 ἐπεὶ
1269 4059 1328 4126 δ’
1373 4096 1461 4110 -—-
1511 4065 1599 4127 13
1642 4063 2005 4144 λογικῶς.
2094 4065 2364 4151 Opponi
2423 4069 2791 4151 saepissime

588 4160 668 4227 ab
714 4162 1060 4229 Aristotele
1108 4188 1182 4229 ea
1241 4187 1403 4250 quae
1448 4165 1638 4230 nobis
1681 4170 1985 4253 propiora
2032 4167 2115 4232 ad
2163 4168 2683 4257 cognoscendum
2729 4178 2794 4235 et

587 4272 836 4353 aptiora
869 4279 1031 4346 sunt,
1076 4278 1143 4332 et
1187 4288 1266 4331 ea
1306 4290 1470 4353 quae
1507 4280 1732 4356 suapte
1766 4282 1987 4337 natura
2025 4285 2172 4337 sunt
2200 4278 2400 4361 magis
2433 4272 2513 4337 ad
2550 4293 2792 4361 cogno-

589 4372 890 4436 scendum
950 4371 1215 4450 idonea,
1272 4364 1357 4435 τὰ
1415 4369 1579 4456 ἡμῖν
1620 4376 1756 4438 sive
1797 4369 1965 4462 πρὸς
2006 4373 2186 4459 ἡμᾶς
2227 4373 2687 4461 γνωριμώτερα
2733 4386 2795 4441 et

586 4468 674 4540 τὰ
718 4469 914 4561 φύσει
955 4471 1431 4564 γνωριμώτερα,
1477 4487 1541 4542 et
1586 4477 1668 4543 ad
1711 4477 1871 4544 illud
1917 4477 2167 4565 quidem
2200 4500 2407 4568 genus
2434 4480 2662 4545 referri
2690 4500 2793 4545 res
