3109 5175
1144 396 1226 468 Λ
1275 391 1345 469 8.
1427 392 1697 469 107412.
2383 394 2527 471 513

325 567 588 636 dubium
633 566 864 634 videri:
918 571 1105 636 notio
1149 569 1425 637 hominis
1471 568 1695 638 eadem
1740 569 1841 638 est
1881 572 1950 638 in
1992 568 2291 638 omnibus
2332 570 2530 638 homi·

324 673 532 750 nibus,
569 671 809 762 singuli
839 683 1051 737 autem
1088 673 1398 753 homines,
1433 673 1634 739 veluti
1663 674 1980 755 Socrates,
2013 673 2259 743 Callias
2293 674 2374 742 al.
2413 698 2532 763 per

324 780 621 843 materiae
666 774 1094 842 diversitatem
1141 777 1620 866 distinguuntur
1660 778 1787 860 (cf.
1833 779 1898 843 Z
1933 777 1977 844 l.
2011 777 2085 844 Ι..
2127 775 2206 845 τὸ
2251 777 2314 845 δ’
2349 774 2534 845 ἅπαν

324 874 452 960 ἤδη
496 871 572 945 τὸ
619 874 872 946 τοιόνδε
918 873 1091 957 εἶδος
1132 884 1203 946 ἐν
1248 880 1471 946 ταῖσδε
1517 887 1666 957 ταῖς
1709 880 1904 968 σαρξὶ
1939 883 2055 948 καὶ
2092 880 2315 960 ὀστοῖς
2342 882 2532 949 Καλ-

324 982 474 1060 λίας
526 984 640 1048 καὶ
684 976 1087 1066 Σωκράτης·
1144 984 1258 1048 καὶ
1314 988 1536 1070 ἕτερον
1590 984 1712 1068 μὲν
1768 978 1879 1050 διὰ
1928 980 2051 1065 τὴν
2090 982 2287 1066 ὕλην,
2338 989 2532 1073 ἀτέρα

323 1081 472 1172 γάρ,
513 1078 720 1151 ταύτὸ
764 1086 837 1150 δὲ
880 1087 970 1168 τῷ
1013 1086 1224 1168 εἴδει).
1298 1084 1430 1151 Sed
1473 1090 1612 1173 ipsa
1652 1085 1997 1153 verborum
2037 1088 2375 1175 explicatio
2415 1087 2534 1154 dif-

323 1186 541 1263 ficilis;
587 1198 861 1254 extrema
901 1199 1073 1254 certe
1109 1188 1333 1254 verba:
1378 1185 1755 1279 Σωκράτης
1797 1191 1869 1256 ὃὲ
1912 1187 2021 1269 εἷς,
2064 1191 2394 1279 quomodo
2432 1213 2534 1258 ex-

322 1290 622 1378 plicanda
667 1301 884 1378 putem
930 1289 1220 1379 equidem
1265 1313 1399 1359 non
1435 1293 1652 1359 video.
1720 1292 2148 1360 Alexandrum
2178 1319 2244 1383 p.
2266 1297 2415 1374 684,
2444 1296 2534 1362 3⁰

325 1417 363 1460 a
420 1395 688 1459 veritate
744 1392 1043 1461 aberrare
1101 1407 1274 1462 recte
1332 1396 1541 1463 Scbw.
1599 1407 1849 1476 monet,
1919 1419 2042 1463 nec
2105 1418 2263 1463 vero
2332 1402 2533 1487 meg-is

325 1500 526 1584 ipsius
586 1496 921 1584 explicatio
979 1489 1233 1564 vide‘tur
1290 1509 1436 1586 apta
1497 1521 1670 1580 esse,
1727 1522 1917 1587 quum
1972 1521 2092 1589 per
2132 1522 2277 1567 voc.
2320 1497 2413 1578 εἷς
2455 1503 2534 1568 si·

326 1599 620 1689 gnificari
673 1595 797 1682 τὴν
855 1595 1267 1686 ἀτομότητα,
1323 1597 1404 1667 τὸ
1446 1600 1618 1668 καθ’
1655 1607 1933 1669 ἕκαστον
1974 1608 2170 1683 (ae-‘n
2211 1604 2536 1676 ahmam

325 1705 793 1792 Exemplum),
831 1708 1143 1772 existimat
1167 1708 1252 1789 ι).
1318 1707 1549 1791 Neque
1588 1708 1753 1771 euim
1789 1726 1934 1771 voc.
1977 1698 2070 1785 εἷς
2107 1730 2228 1795 per
2261 1730 2332 1774 se
2371 1709 2538 1774 hanc

324 1809 581 1876 videtur
621 1811 747 1874 vim
794 1809 1030 1875 habere
1072 1831 1295 1897 posse,
1339 1831 1464 1876 uec
1506 1811 1562 1874 si
1604 1803 1891 1887 liaberet,
1947 1808 2015 1875 id
2061 1811 2315 1897 quidem
2358 1811 2536 1878 suffi-

328 1924 532 1990 ceret3
579 1915 877 2000 quoniam
923 1915 1092 1978 enim
1138 1912 1429 1999 exemplo
1473 1912 1793 1978 illmtrare
1836 1911 2053 1978 studet
2094 1913 2258 1980 hanc
2294 1936 2539 2001 propo·

326 2020 650 2083 sitionem:
694 2011 826 2082 ὅσα
859 2013 1138 2102 ἀριθμῷ
1169 2011 1464 2096 πολλά,
1497 2011 1664 2095 ὕλην
1694 2016 1838 2101 ἔχει,
1868 2018 2005 2080 iure
2041 2026 2371 2105 exspectes
2406 2019 2537 2083 sin—

329 2120 628 2209 gulorum
651 2120 974 2186 hominum
1002 2118 1430 2186 diversitatem
1462 2141 1538 2185 ex
1577 2120 1892 2184 materia
1926 2117 2338 2206 repetendam
2368 2140 2537 2185 com·

332 2225 683 2289 memorari.
772 2223 1123 2311 Propterea
1167 2223 1340 2313 vulg.
1387 2222 1532 2289 lect.
1580 2222 1991 2309 depravatam
2049 2244 2191 2289 esse
2244 2224 2540 2310 suspicor

331 2338 397 2393 et
439 2325 612 2392 baud
655 2328 791 2393 scio
836 2348 919 2393 an
963 2327 1092 2393 tale
1135 2327 1291 2415 quid
1332 2330 1636 2414 scriptum
1679 2325 1886 2405 fuerit,
1930 2325 2119 2414 quale
2150 2326 2539 2392 Themistius
2641 2371 2654 2385 .

329 2431 452 2514 (cf.
491 2452 623 2495 var.
661 2428 848 2510 lect.)
892 2433 1417 2519 interpretatione
1465 2432 1791 2517 expressit.

456 2541 549 2622 g)
596 2535 864 2601 1074b1
907 2536 1482 2622 παραδέδοται
1518 2571 1600 2589 -
1644 2535 1727 2601 14
1766 2526 2042 2620 μόνον.
2109 2530 2542 2618 Quemadmo-

332 2639 480 2706 dum
511 2640 620 2704 Ar.
666 2640 918 2726 saepius
963 2650 1246 2706 veterum
1290 2639 1821 2729 philosophorum
1867 2636 2100 2723 placita
2143 2639 2232 2700 ita
2275 2639 2543 2725 corrigit

333 2751 400 2808 et
442 2742 745 2821 illustrat,
802 2750 875 2805 ut
931 2763 1095 2828 quae
1149 2742 1246 2808 illi
1301 2743 1632 2809 volueriut
1677 2751 1743 2807 et
1785 2739 2061 2806 obscure
2103 2739 2544 2828 significarint,

333 2866 409 2911 ea
455 2867 596 2910 cum
639 2866 753 2910 sua
800 2842 1091 2910 doctrina
1137 2848 1478 2910 concinere
1522 2844 1920 2911 demonstret
1959 2843 2081 2925 (cf.
2123 2845 2186 2908 2.
2227 2844 2545 2910 1062»ssss

333 2958 400 3015 et
441 2947 523 3014 ad
562 2949 634 3013 A
672 2950 735 3015 8.
773 2951 944 3015 989⁴
972 2949 1121 3031 30),
1165 2947 1450 3015 similiter
1491 2949 1555 3015 h.
1596 2949 1658 3029 1.,
1699 2957 1874 3014 ratus
1916 2945 2028 3012 ille
2070 2949 2364 3012 nimirum
2407 2945 2546 3012 vul·

332 3056 499 3141 gatis
556 3053 882 3119 hominum
941 3053 1351 3139 opinionibus
1408 3056 1627 3140 utique
1681 3051 1955 3138 aliquam
2005 3053 2218 3115 inesse
2260 3051 2544 3115 veritatis

332 3166 576 3244 partem
624 3156 746 3236 (cf.
787 3154 868 3221 ad
899 3156 971 3220 A
1000 3159 1063 3222 2.
1094 3159 1262 3223 982⁸
1286 3160 1387 3239 6),
1433 3155 1732 3245 vulgares
1777 3154 1861 3220 de
1906 3152 2026 3218 diis
2072 3155 2414 3239 opiniones
2456 3155 2548 3220 ita

336 3262 588 3338 excutit,
632 3268 706 3324 ut
750 3256 905 3344 quid
948 3260 1027 3323 iis
1070 3262 1223 3325 insit
1263 3262 1417 3339 veri,
1461 3258 1613 3347 quid
1658 3259 1803 3324 falsi
1845 3257 2157 3323 adnexum
2201 3261 2284 3323 sit
2327 3255 2549 3323 distin-

334 3374 509 3450 guat,
554 3372 620 3427 et
661 3363 929 3449 pristina
973 3360 1081 3426 illa
1119 3384 1196 3426 ac
1227 3366 1505 3450 genuina
1545 3364 2124 3449 antiquissimorum
2157 3358 2548 3447 populorum

336 3465 653 3552 religione
698 3485 873 3529 suam
911 3468 1290 3531 sententiam
1328 3466 1687 3531 confirmari
1728 3465 1977 3530 doceat.
2051 3464 2201 3550 Ipse
2240 3466 2408 3528 euim
2439 3465 2547 3529 Ar.

338 3565 784 3632 ratiocinando
830 3570 1076 3633 invenit
1117 3569 1472 3635 motoribus
1501 3567 1779 3633 siderum
1809 3565 2239 3631 immobilibus
2270 3563 2547 3631 divinam

339 3690 480 3736 esse
539 3680 823 3735 naturam
885 3671 1359 3759 assignandam3
1415 3669 1704 3736 similiter
1755 3671 2161 3735 vemstissimi
2205 3670 2441 3755 quique
2485 3677 2552 3735 et

336 3773 592 3839 barbari
636 3784 703 3839 et
743 3773 976 3840 Graeci
1020 3778 1173 3862 ipsis
1217 3774 1532 3841 sideribus
1574 3771 1857 3839 divinum
1902 3792 2139 3837 numen
2180 3760 2414 3836 inesse‘
2440 3791 2550 3836 eo·

339 3899 464 3964 que
509 3879 767 3943 numine
813 3881 1176 3944 universum
1220 3876 1523 3943 mundum
1571 3877 1887 3942 contineri
1914 3895 2048 3939 uno
2081 3892 2401 3943 consensu
2429 3884 2552 3938 sta-

341 3990 616 4061 tuerunt,
659 3981 739 4046 cf.
772 3980 855 4047 de
886 3981 1075 4049 coelo
1105 3982 1136 4047 1
1168 3984 1230 4047 3.
1267 3982 1434 4048 270³»
1458 3982 1530 4047 5:
1569 3977 1810 4056 πάντες
1844 3973 1974 4065 γὰρ
2010 3971 2366 4066 ἅνθρωποι
2400 3977 2552 4066 περὶ

452 4169 517 4240 1)
553 4174 725 4226 Schw.
763 4176 828 4228 ad
862 4175 912 4225 h.
938 4177 998 4227 1.:
1037 4173 1152 4229 Der
1183 4174 1322 4228 Simu
1358 4175 1458 4228 ist.-
1494 4175 1587 4228 der
1610 4172 1846 4245 Regu-off
1867 4174 1955 4227 des
1984 4169 2265 4227 Mense-ken
2300 4171 2375 4224 n'st
2409 4169 2555 4222 einer

342 4259 454 4311 und
485 4260 726 4327 derselbe,
765 4260 1019 4314 Sokratus
1054 4262 1178 4315 aber
1211 4261 1287 4314 ist
1321 4260 1493 4314 Εἶπεν
1527 4269 1685 4314 neuter
1729 4258 1911 4312 Viden
1943 4259 2111 4313 seinse
2148 4254 2428 4321 Gleicloen,
2464 4252 2554 4306 eiu

341 4343 600 4399 einzelnen
636 4344 951 4415 Exemplar.
1031 4346 1195 4400 Wssdn
1238 4363 1297 4399 ee·
1341 4363 1463 4399 nur
1497 4343 1734 4415 Regu-{ff
1757 4341 1887 4412 (eiu
1921 4341 2169 4397 καθόλου
2206 4333 2554 4412 ἄνθρωπος),

345 4446 403 4483 so
440 4432 629 4484 Remus
662 4446 722 4483 er
754 4428 895 4501 diess
929 4431 1079 4486 nicht
1113 4432 1244 4485 sein.
1314 4430 1400 4484 Er
1433 4431 1531 4485 liat
1565 4432 1682 4486 also
1720 4428 1957 4486 Materia
1996 4428 2109 4483 und
2142 4427 2217 4481 ist
2249 4426 2363 4479 eins
2398 4428 2557 4477 tenter

349 4514 532 4570 Viden
566 4520 811 4588 mitge
844 4517 1014 4571 seiner
1054 4516 1301 4572 Materte.

429 4601 633 4655 Ariston.
658 4603 879 4672 metaph.
904 4604 985 4655 ed.
1010 4603 1195 4656 Bonita
1216 4603 1331 4656 Vol.
1355 4603 1418 4656 II.
2083 4598 2150 4652 33
