3109 5175
588 324 685 402 46
1431 325 1507 398 A
1565 321 1626 395 1.
1702 320 1930 397 9811».

588 499 705 568 das
751 520 890 564 esse
935 498 1193 565 uberius
1236 501 1499 586 exponit
1528 497 1908 565 Aristoteles
1950 498 2095 565 Eth.
2141 500 2224 566 N.
2268 501 2328 565 X
2370 502 2432 566 7.
2475 498 2555 566 cf.
2599 498 2792 568 Polit.

586 605 715 670 vu
759 605 819 669 4.
868 605 972 669 14.
1020 605 1124 669 15.
1211 604 1428 667 Artem
1474 614 1683 669 autem
1728 605 2101 691 angustiore
2146 614 2213 669 et
2255 601 2563 690 peculiari
2607 604 2792 671 huius

583 707 883 774 vocabuli
936 729 1130 773 sensu
1186 704 1458 787 (latiore
1514 709 1682 772 euim
1725 726 1920 772 sensu
1963 704 2360 774 Graecorum
2402 710 2635 791 τέχνην
2682 729 2793 794 pa-

583 815 740 878 riter
781 833 859 878 ac
884 813 1252 877 Latinorum
1298 821 1547 876 artem
1588 815 1775 900 etiam
1817 809 1901 875 ad
1944 812 2272 878 scientiam
2316 810 2541 876 referri
2579 809 2794 878 velex

583 919 915 1003 superiore
960 913 1393 999 disputatione
1439 912 1662 1003 colligi
1705 924 1922 1001 potest
1952 915 2116 980 981⁶
2153 916 2240 979 24
2285 917 2356 980 αἱ
2395 917 2793 999 peamau-

583 1021 695 1085 καὶ
738 1023 979 1104 τέχναι,
1024 1016 1103 1081 cf.
1139 1019 1255 1082 An.
1303 1040 1396 1103 pr.
1440 1017 1471 1081 1
1513 1019 1620 1082 30.
1668 1018 1790 1083 462
1835 1019 1944 1083 22.
2008 1019 2130 1082 An.
2177 1029 2343 1105 post.
2389 1020 2419 1084 1
2470 1021 2526 1084 1.
2575 1021 2696 1084 71⁶
2728 1020 2790 1084 4.

585 1125 754 1210 Top.
784 1123 874 1187 lx
908 1125 971 1187 9.
1004 1123 1167 1187 170⁶
1190 1123 1292 1199 31,
1329 1123 1434 1186 30.
1495 1124 1603 1187 11.
1645 1124 1805 1189 172⁶
1835 1124 1941 1200 29,
1971 1119 2058 1187 28
2091 1132 2156 1188 et
2185 1121 2267 1187 ad
2299 1123 2360 1186 Θ
2381 1123 2442 1186 2.
2476 1122 2680 1188 1046ῠ
2706 1123 2790 1202 3)

583 1248 621 1294 a
665 1229 927 1292 scientia
970 1228 1038 1291 iu
1085 1225 1323 1290 Ethicis
1366 1225 1841 1304 Nicomacheis‚
1898 1223 1980 1289 ad
2040 1246 2203 1310 quae
2258 1224 2565 1291 lectorem
2618 1224 2793 1290 dele-

581 1340 709 1418 gat,
751 1333 840 1395 ita
886 1329 1232 1416 distinguit,
1278 1339 1348 1394 ut
1378 1330 1465 1393 sit
1497 1332 1690 1413 τέχνη
1733 1326 1858 1408 ἕξις
1897 1351 1995 1405 τις
2031 1320 2197 1412 μετὰ
2237 1324 2439 1412 λόγου
2481 1325 2792 1416 ἀληθοῦς

580 1427 885 1513 ποιητική
924 1433 1019 1498 VI
1065 1436 1125 1498 4.
1179 1433 1382 1497 1040«
1423 1433 1530 1509 20,
1578 1429 1902 1516 ἐπιστήμη
1946 1443 2155 1497 autem
2203 1430 2329 1511 ἕξις
2372 1425 2788 1512 ἀποδεικτική

579 1539 644 1603 3.
695 1537 896 1602 1039ῠ
934 1537 1018 1601 31
1067 1535 1187 1616 (cf.
1226 1533 1408 1599 Anal-
1449 1546 1616 1621 post.
1663 1537 1723 1601 ΙΙ
1769 1540 1874 1603 19.
1926 1538 2088 1600 1000
2125 1536 2196 1600 6:
2242 1539 2311 1600 ὲκ
2354 1532 2414 1602 δ’
2453 1536 2789 1620 ἐμπειρίας

584 1677 665 1694 —-·
710 1644 939 1725 τέχνης
993 1633 1163 1725 ἀρχὴ
1221 1639 1336 1704 καὶ
1394 1629 1781 1724 ἐπιστήμης,
1833 1632 1950 1705 ἐὰν
1993 1641 2113 1723 μὲν
2155 1641 2305 1724 περὶ
2347 1640 2627 1722 γένεσιν,
2682 1642 2788 1702 τέ·-

575 1766 756 1830 χνης,
800 1737 919 1808 ἐὰν
953 1743 1023 1808 δὲ
1052 1743 1199 1824 περὶ
1228 1735 1305 1805 τὸ
1341 1735 1438 1822 ὅν,
1482 1736 1899 1826 ἐπιστήμης),
1944 1747 2335 1828 omninoque
2366 1744 2435 1807 iu
2469 1739 2581 1808 illa
2613 1741 2789 1806 Ethi—

580 1870 799 1914 corum
844 1857 1027 1934 parte
1067 1845 1158 1909 VI
1191 1847 1389 1911 3—7
1437 1856 1648 1910 cetera
1695 1865 1971 1932 quoque,
2014 1867 2178 1932 quae
2210 1844 2490 1911 eiusdem
2527 1855 2676 1910 suut
2712 1865 2788 1912 ac

579 1953 841 2017 scientia
886 1951 1144 2039 generis
1188 1952 1339 2030 (καὶ
1382 1950 1513 2014 τῶν
1559 1943 1777 2016 ἄλλων
1811 1950 1941 2016 τῶν
1981 1946 2318 2033 ὁμογενῶν
2352 1950 2484 2014 1126
2498 1951 2544 2029 ),
2588 1944 2787 2014 veluti

578 2050 923 2146 φρόνησιν,
967 2056 1234 2144 σοφίαν,
1279 2055 1452 2129 νοῦν,
1498 2050 1723 2117 definit
1768 2062 1834 2117 et
1878 2050 2166 2137 explicat.

708 2160 872 2223 981⁶
909 2160 994 2223 27
1052 2147 1146 2222 οὗ
1187 2152 1247 2221 δ’
1292 2161 1525 2221 ἕνεκα
1581 2192 1667 2204 -
1724 2156 1980 2236 98243
2027 2156 2301 2238 δῆλον.
2394 2156 2548 2221 Non
2606 2151 2787 2220 colli-

577 2264 677 2350 git
717 2283 754 2326 e
799 2265 1129 2348 superiore
1175 2262 1580 2346 expositione
1612 2256 2006 2337 Aristoteles,
2051 2261 2421 2345 sapientiam
2470 2261 2786 2326 communi

576 2369 857 2434 omnium
906 2384 1225 2430 consensu
1270 2385 1388 2450 pro
1434 2366 1700 2428 scientia
1746 2384 2128 2428 summorum
2174 2363 2634 2449 principiorum
2678 2362 2785 2426 ha-

575 2469 744 2548 beri,
802 2490 924 2533 nec
979 2470 1309 2554 superiora
1363 2488 1434 2531 se
1480 2469 1848 2554 exposuisse
1895 2466 2049 2532 dicit
2090 2477 2435 2558 propterea
2480 2475 2552 2532 ut
2594 2486 2786 2552 appa-

574 2589 715 2639 reat
756 2573 919 2638 hanc
964 2593 1105 2637 esse
1147 2568 1475 2660 vulgarem
1524 2569 1608 2637 de
1651 2574 1956 2658 sapientia
2001 2572 2392 2658 opinionem,
2435 2568 2552 2635 sed
2599 2571 2783 2655 quia

576 2677 736 2742 haec
792 2697 931 2741 esse
989 2678 1339 2761 sapientiae
1396 2678 1493 2739 vis
1551 2697 1626 2739 ac
1671 2686 1891 2740 natura
1937 2675 2135 2765 vulgo
2182 2678 2509 2752 statuitur;
2571 2678 2785 2762 itaque

574 2801 712 2847 non
756 2777 1083 2845 concludit
1127 2801 1199 2844 ex
1245 2781 1577 2866 superiore
1626 2778 2087 2865 disputatione,
2135 2779 2253 2847 sed
2299 2778 2379 2844 ad
2428 2800 2568 2847 eam
2610 2800 2786 2845 assu-

574 2887 689 2950 mit
734 2882 1168 2950 definitionem
1215 2885 1585 2970 sapientiae.
1672 2883 2006 2969 Nimirum,
2037 2894 2224 2949 autea
2274 2888 2594 2969 exposuit,
2650 2904 2783 2971 quo

578 2998 645 3053 et
687 2990 990 3074 temporis
1036 2997 1101 3051 et
1144 2987 1469 3075 dignitatis
1513 2985 1742 3051 ordine
1787 3008 1928 3051 sese
1973 2990 2241 3069 invicem
2292 2989 2607 3073 excipiant
2639 3008 2783 3054 sen-

570 3113 703 3171 sus,
744 3093 1062 3168 memoria,
1109 3093 1510 3176 experientia,
1552 3111 1670 3167 ars,
1700 3092 1992 3166 scientia;
2039 3089 2210 3183 und-e
2243 3094 2300 3155 si
2333 3090 2650 3159 voluisset
2684 3112 2784 3157 re-

574 3205 794 3280 petere
842 3206 907 3259 et
951 3194 1272 3259 conficere
1323 3195 1674 3280 sapientiae
1735 3182 2206 3275 definitionem,
2262 3217 2337 3261 ea
2381 3198 2518 3282 ipsa
2563 3194 2783 3263 discri-

575 3301 759 3376 mina,
806 3292 888 3362 de
934 3297 1162 3382 quibus
1205 3296 1508 3365 lectorem
1554 3296 1639 3363 ad
1670 3298 1888 3365 Ethica
1921 3297 2347 3365 Nicomachea
2386 3301 2648 3364 remittit
2692 3296 2781 3365 εἴ·

570 3425 770 3487 ρηται
803 3402 923 3484 μὲν
960 3391 1078 3467 οὖν
1114 3438 1198 3450 -
1235 3398 1586 3487 ὁμογενῶν,
1633 3401 2112 3490 diligentissime
2151 3411 2333 3467 erant
2370 3400 2778 3488 exponenda:

576 3516 817 3571 tantum
860 3515 1186 3571 assecutus
1233 3517 1346 3585 est,
1390 3526 1521 3570 nou
1571 3528 1705 3585 usu,
1750 3504 1864 3571 sed
1904 3508 2207 3573 scientiae
2239 3504 2434 3573 laude
2461 3509 2779 3575 aestimari

574 3610 970 3699 singulorum
1015 3632 1318 3697 generum
1364 3609 1753 3697 dignitatem.
1821 3609 1949 3673 Iam
1997 3631 2151 3674 vero
2195 3613 2250 3674 si
2285 3621 2383 3675 est
2417 3632 2492 3676 ex
2526 3609 2779 3698 vulgari

574 3716 897 3781 homiuum
941 3713 1179 3778 iudicio
1227 3715 1537 3799 sapientia
1584 3732 1968 3777 summorum
2004 3716 2457 3800 principiorum
2497 3716 2780 3794 scientia,

574 3839 711 3883 eam
758 3817 1070 3904 dignitate
1126 3815 1389 3902 reliquis
1436 3815 1731 3883 omnibus
1776 3819 2165 3905 cognitionis
2209 3818 2553 3907 generibus
2599 3839 2783 3904 prae-

570 3933 741 3986 stare
798 3931 1062 4006 apparet
1112 3915 1279 3987 ιὸστε
1334 3913 1649 4005 καθάπερ
1695 3919 1946 4007 εἴρηται
1992 3959 2073 3973 ·-
2119 3923 2402 4003 μᾶλλον.
2462 3923 2630 3999 hanc
2671 3945 2778 3993 au-

452 4017 465 4025 ’
575 4037 702 4092 tem
748 4034 1032 4089 naturam
1077 4045 1148 4089 re
1191 4045 1344 4089 vera
1391 4022 1581 4090 tribui
1626 4027 1976 4112 sapientiae
2011 4029 2327 4093 communi
2367 4028 2646 4093 omnium
2686 4031 2778 4095 iu-

573 4129 745 4196 dicio
791 4129 1081 4215 sequenti
1127 4131 1332 4215 capite
1379 4126 1787 4195 demonstrat.
