3109 5175
560 374 705 450 476
1376 378 1457 447 Λ
1506 374 1573 447 3.
1657 372 1926 448 107οα.

559 553 1081 639 interpretatione
1126 549 1424 637 explicuit
1467 575 1530 639 p.
1564 551 1713 630 648,
1757 550 1872 617 32:
1918 546 1998 615 οὐ
2038 545 2250 635 μόνον
2294 542 2378 614 τοὶ
2423 543 2617 638 φύσει
2658 572 2762 634 γι-

559 649 809 739 νόμενά
852 660 1014 721 εἰσιν
1058 651 1293 731 οὐσίαι,
1339 650 1511 720 ἀλλὰ
1555 656 1668 719 καὶ
1710 648 1795 719 τὰ
1839 646 2013 719 ἄλλα
2055 647 2206 734 ἤτοι
2245 646 2330 717 τὰ
2364 650 2759 738 ὑποκείμενα

559 767 707 835 ταῖς
748 762 1003 844 τέχναις
1047 755 1268 823 οὐσίαι
1310 761 1489 823 εἰσίν.
1565 757 1941 825 obscuritas
1980 757 2323 822 verborum
2361 779 2493 823 non
2524 769 2651 823 tam
2684 779 2761 822 ex

560 861 871 928 brevitate
910 859 1161 927 dicendi
1203 872 1342 927 orta
1385 872 1498 939 est,
1542 884 1726 947 quam
1770 860 1921 927 inde
1964 862 2137 949 quod
2174 861 2507 928 indefinite
2543 851 2763 927 τᾶλλα

561 965 745 1045 dixit,
797 988 923 1052 quo
970 964 1288 1030 vocabulo
1333 988 1497 1052 quae
1540 986 1644 1029 res
1689 964 2129 1053 significentur
2171 968 2463 1053 proximo
2507 963 2760 1030 demum

563 1091 638 1135 ex
683 1075 1019 1135 enunciato
1045 1051 1335 1135 divinari
1375 1081 1609 1156 potest.
1648 1107 1727 1120 —
1772 1071 1861 1133 a8
1906 1063 2269 1156 ἄνθρωπος
2309 1093 2440 1156 γαρ
2484 1063 2763 1156 ἄνθρω-

559 1196 690 1239 πον
730 1177 949 1258 γεννᾷ.
1024 1174 1389 1239 Referenda
1436 1175 1593 1240 baec
1637 1194 1776 1238 esse
1822 1171 1905 1237 ad
1941 1171 2438 1239 confirmandam
2471 1177 2763 1261 superio-

561 1299 692 1343 rem
739 1281 1243 1343 enunciationem
1288 1280 1407 1343 ⁶4:
1462 1273 1705 1356 ἑκάστη
1761 1281 1833 1341 ἐκ
1888 1272 2269 1362 συνωνύμου
2311 1279 2604 1361 γίγνεται
2646 1273 2763 1342 οὐ-

563 1383 695 1460 σία,
737 1403 890 1446 vere
921 1381 1093 1448 Alex.
1140 1393 1361 1447 monet
1400 1406 1461 1468 p.
1494 1382 1644 1460 648,
1677 1382 1795 1457 303
1842 1380 2316 1469 transponenda
2364 1391 2571 1446 autem
2617 1402 2763 1446 esse

561 1483 735 1550 illum
781 1489 847 1549 in
889 1484 1118 1562 locum,
1164 1507 1326 1573 quae
1356 1486 1565 1551 Schvv.
1611 1496 1710 1550 est
1745 1489 2075 1565 sententia,
2118 1507 2253 1551 non
2291 1484 2580 1551 arbitror.
2649 1486 2763 1549 Et-

564 1592 730 1654 enim
775 1600 840 1653 et
870 1590 1131 1655 multum
1165 1590 1598 1680 negligentiae
1631 1588 2111 1655 concedendum
2146 1590 2296 1655 huic
2325 1589 2761 1676 disputationi,

563 1704 647 1771 et,
691 1697 746 1758 si
791 1699 1171 1781 transposita
1219 1706 1436 1760 essent
1477 1695 1636 1759 baec
1669 1693 1883 1772 verba,
1928 1715 2063 1759 non
2100 1697 2302 1781 mag-is
2341 1703 2488 1779 apte
2525 1691 2762 1758 deinde

562 1796 908 1864 diceretur:
952 1792 1036 1864 τὰ
1079 1793 1207 1886 γὰρ
1253 1794 1445 1888 φύσει
1478 1799 1634 1877 xri„
1678 1819 1839 1884 quae
1875 1798 2072 1863 verba
2112 1807 2180 1862 et
2214 1800 2355 1885 ipsa
2394 1797 2478 1863 ad
2515 1794 2761 1877 ἑκάστη

564 1899 758 1968 οὐσία
800 1901 1135 1969 referenda
1180 1914 1345 1969 sunt.

693 2097 778 2176 6)
833 2096 1293 2182 Distinguam
1334 2099 1651 2179 materia,
1684 2094 1959 2182 soma,
2015 2119 2126 2162 res
2167 2119 2251 2162 ex
2292 2105 2570 2183 utu-aque
2609 2118 2762 2160 con·

561 2208 759 2263 aeta.
839 2200 1200 2280 Quaeritur
1241 2225 1393 2267 num
1415 2200 1692 2288 formae
1726 2224 1853 2287 per
1894 2225 1967 2266 se
1998 2225 2142 2267 esse
2165 2201 2449 2287 possint,
2493 2207 2558 2264 et
2590 2197 2761 2263 dieu-

563 2301 823 2368 dicatur
837 2304 1046 2392 sacta
1084 2306 1521 2387 distinctione,
1560 2329 1728 2395 quae
1762 2330 2003 2372 causae
2027 2309 2293 2393 priores
2327 2307 2460 2371 sint
2494 2302 2759 2393 effectu,

563 2429 732 2494 quae
774 2411 988 2492 simul,
1035 2411 1245 2476 107oa
1279 2413 1424 2476 9-
1434 2411 1542 2476 30

700 2530 791 2594 ⁰9
831 2527 1112 2596 οὐσίαι
1147 2531 1227 2596 δὲ
1261 2539 1498 2617 τρεῖς.
1574 2530 1805 2597 lisdem
1837 2529 2045 2596 verbis
2075 2549 2282 2617 supra,
2328 2530 2387 2593 1.
2420 2529 2630 2594 10692
2652 2530 2759 2607 30,

564 2634 970 2716 partitionem
996 2636 1387 2701 substantiae
1411 2635 1609 2725 longe
1636 2635 1945 2701 diversam
1972 2633 2373 2722 significavit.
2429 2631 2568 2698 Illic
2592 2636 2759 2697 enim

564 2735 835 2802 ambitus
878 2742 1160 2805 notionis
1206 2741 1594 2806 substantiae
1640 2739 1944 2804 dividitur
1995 2748 2061 2804 et
2104 2738 2355 2804 diversa
2397 2759 2604 2803 rerum
2649 2757 2761 2824 ge-

565 2860 721 2904 nera
752 2840 1239 2932 distinguuntur,
1267 2844 1380 2911 ubi
1411 2845 1662 2931 quidem
1690 2842 2007 2932 partiendi
2036 2846 2318 2907 rationes
2347 2853 2496 2908 sunt
2522 2843 2761 2931 φθαρ-

563 2938 685 3009 τόν
728 2938 1114 3035 ἄφθαρτον,
1159 2945 1423 3028 κινητόν
1466 2948 1804 3028 ἀκίνητον.
1848 2948 1952 3012 bic
1994 2968 2150 3012 vero
2195 2950 2262 3011 in
2302 2945 2521 3012 eadem
2563 2966 2648 3022 re,
2695 2954 2764 3010 et

566 3068 643 3112 ea
687 3050 940 3134 quidem
987 3052 1300 3130 mutabili,
1353 3051 1645 3140 singulae
1696 3050 2171 3139 distinguuntur
2212 3049 2600 3116 substantiae
2642 3070 2763 3115 no-

564 3162 669 3215 tae
725 3164 915 3239 atque
976 3167 1040 3220 et
1089 3155 1356 3243 singulis
1400 3156 1499 3220 his
1543 3158 1742 3233 notis,
1800 3159 2095 3220 materiae
2141 3165 2207 3219 et
2249 3154 2516 3235 formae,
2576 3166 2641 3221 et
2684 3159 2759 3234 ei,

566 3276 729 3340 quae
775 3278 849 3321 ex
896 3269 1161 3344 utraque
1207 3252 1458 3338 coaluit,
1501 3263 1597 3324 rei
1643 3273 1977 3324 concretae
2013 3259 2140 3323 boc
2176 3258 2484 3337 tribuitur,
2528 3272 2600 3324 ut
2635 3280 2759 3346 pro

565 3357 934 3428 substantiis
968 3363 1333 3443 habeantur,
1378 3363 1457 3428 cf.
1494 3362 1576 3429 ad
1612 3364 1676 3427 Z
1698 3367 1758 3429 2.
1832 3363 2164 3428 Materiam
2207 3375 2415 3430 autem
2461 3361 2649 3459 quod⁸
2670 3363 2762 3427 di·

565 3466 653 3528 cit
698 3486 837 3530 esse
881 3462 1030 3533 τόδε
1073 3490 1166 3545 τι,
1222 3472 1262 3533 i.
1303 3491 1357 3533 e.
1404 3467 1735 3533 definitum
1779 3466 2126 3554 quidpiam,
2184 3478 2405 3553 aperte
2448 3479 2763 3557 repugnat

565 3567 706 3633 aliis
753 3569 928 3650 locis,
970 3571 1167 3637 veluti
1212 3574 1301 3637 H
1331 3574 1387 3637 1.
1430 3574 1638 3637 10422
1668 3574 1782 3638 27:
1837 3568 2002 3651 ὕλην
2046 3573 2116 3637 δὲ
2159 3573 2322 3655 λέγω
2368 3565 2410 3651 ἢ
2457 3566 2562 3657 μὴ
2608 3567 2758 3636 τόδε

565 3694 629 3737 τι
675 3663 845 3738 οὖσα
890 3679 1181 3762 ἐνεργείᾳ
1224 3671 1492 3761 δυνάμει
1537 3678 1675 3743 ἐστὶ
1718 3671 1867 3740 τόδε
1910 3698 1991 3740 τι.
2058 3676 2122 3739 Ζ
2155 3677 2215 3740 3.
2263 3675 2471 3741 1029a
2504 3678 2609 3753 20,
2649 3677 2757 3740 27.

568 3775 652 3841 de
683 3799 783 3841 an.
814 3778 873 3842 11
911 3780 970 3843 1.
1010 3781 1175 3844 4120
1203 3783 1259 3858 7,
1305 3780 1412 3845 ubi
1456 3780 1551 3845 bis
1597 3783 1747 3867 ipsis
1787 3779 2000 3845 verbis
2036 3775 2188 3844 τόδε
2225 3803 2289 3845 τι
2318 3782 2583 3844 materia
2619 3800 2759 3844 esse

566 3892 855 3970 negatur.
930 3883 1060 3949 Sed
1106 3882 1284 3950 addit
1325 3895 1495 3949 certe
1539 3882 1714 3971 quod
1755 3906 1892 3948 eam
1928 3882 2364 3949 definitionem
2401 3882 2570 3949 laxet
2603 3904 2762 3971 quo·

568 3985 908 4052 dammodo
969 3998 1033 4053 et
1092 3998 1370 4067 excuset,
1425 3992 1517 4073 τῷ
1570 3988 1971 4077 φαίνεσθαι,
2028 3991 2068 4055 i.
2110 4009 2165 4052 e.
2209 3991 2468 4053 materia
2510 4009 2645 4053 non
2686 4010 2761 4054 re

568 4112 749 4170 vera,
805 4089 918 4155 sed
963 4094 1395 4180 imaginationi
1439 4101 1681 4157 tantum
1729 4104 1824 4157 est
1866 4087 2016 4157 τόδε
2059 4113 2151 4169 τι,
2196 4094 2494 4178 quoniam
2536 4103 2763 4179 poten·

567 4198 713 4261 tiam
745 4194 934 4260 babet
961 4197 1084 4262 τοῦ
1107 4197 1461 4279 γίγνεσθαι
1488 4191 1639 4262 τόδε
1670 4219 1748 4259 τι.
1820 4197 1915 4260 Ita
1956 4195 2284 4261 obscurius
2312 4194 2482 4261 idem
2510 4196 2762 4262 videtur

569 4298 816 4377 dixisse,
861 4298 1033 4385 quod
1078 4302 1168 4364 H
1199 4299 1240 4362 Ι.
1283 4298 1324 4362 l.
1371 4302 1580 4384 aptius
1627 4298 1940 4365 definivit:
1986 4294 2258 4381 δυνάμει
2299 4301 2439 4364 ἐστὶ
2483 4296 2632 4365 τόδε
2676 4322 2759 4365 τι.

569 4402 913 4481 (Conferri
950 4426 1089 4468 cum
1132 4426 1193 4467 v.
1228 4405 1320 4487 τῷ
1354 4404 1730 4492 φαίνεσθαι
1763 4408 1949 4470 etiam
1985 4414 2215 4492 potest,
2263 4402 2439 4490 quod
2482 4399 2761 4491 ὁρισμόν

567 4509 868 4573 materiae
905 4529 1045 4573 esse
1082 4507 1191 4573 Ar.
1235 4516 1443 4597 negat,
1487 4509 1550 4573 Z
1573 4510 1677 4575 10.
1710 4510 1919 4576 1⁰36ae
1936 4509 1997 4590 8,
2039 4518 2107 4574 et
2138 4507 2325 4575 Plato
2370 4530 2508 4575 eam
2547 4505 2760 4575 ἁπτὸν
