3109 5175
539 377 686 452 430
1383 377 1427 444 I
1468 370 1536 445 4.
1622 368 1891 444 10550.

540 551 600 621 δ’
637 558 711 619 ἐν
745 553 824 641 τῇ
857 548 1022 642 αὐτῇ
1059 550 1397 634 συστοιχίᾳ
1429 549 1550 628 τῆς
1586 547 2000 632 κατηγορίας,
2044 539 2198 611 ὥστ’
2238 548 2309 609 ἐν
2352 541 2571 629 ταύτῷ
2614 547 2752 628 γέ-

537 680 661 723 νει
703 658 816 721 καὶ
859 650 1069 720 ταύτὰ
1110 656 1201 738 τῷ
1246 656 1484 738 γένει.
1561 653 1997 737 Quaecunque
2028 648 2278 714 diversa
2307 659 2472 727 sunt,
2518 650 2624 726 ait,
2670 669 2750 713 ea

540 771 808 848 apparet
850 780 981 824 nou
1028 780 1260 822 meram
1305 755 1542 821 habere
1590 755 1995 831 alteritatem,
2049 752 2164 817 sed
2220 755 2405 817 etiam
2451 751 2755 817 identita-

541 875 666 930 tem
714 861 1043 951 quandam,
1085 862 1258 926 illam
1297 863 1605 938 nimirum,
1650 880 1833 944 quam
1875 879 2067 943 supra
2107 859 2389 944 exposui,
2432 854 2752 941 siquidem

538 968 647 1033 vel
691 989 930 1055 genere
973 975 1123 1030 sunt
1164 964 1413 1029 diversa
1459 962 1566 1027 vel
1610 965 1842 1049 specie.
1920 963 2015 1025 Ea
2059 972 2285 1038 autem,
2332 981 2497 1046 quae
2531 961 2754 1046 specie

538 1083 781 1138 tantum
835 1070 1087 1135 diversa
1131 1070 1282 1146 sint,
1341 1089 1528 1152 quum
1577 1065 1729 1130 dicit
1773 1087 1915 1129 esse
1961 1069 2030 1131 έν
2074 1065 2153 1154 τῇ
2197 1061 2362 1154 αὐτῇ
2408 1065 2755 1146 συστοιχίᾳ

539 1178 658 1256 τῆς
699 1175 1127 1258 κατηγορίας,
1176 1166 1351 1235 ὥστ’
1390 1174 1462 1234 ἐν
1504 1166 1726 1252 ταύτῷ
1769 1173 1964 1254 γένει,
2024 1188 2158 1232 non
2202 1166 2502 1231 videntur
2544 1187 2753 1244 κατη-

540 1282 771 1365 γορίας
825 1280 1085 1341 nomine
1140 1274 1359 1339 decem
1405 1272 1514 1337 illa
1560 1294 1851 1359 suprema
1899 1294 2135 1360 genera
2181 1269 2558 1358 significari,
2618 1270 2755 1354 qui-

539 1381 661 1447 bus
708 1384 918 1444 omnia
965 1401 1126 1465 quac
1171 1387 1320 1444 sunt
1364 1380 1798 1452 continentur-3
1857 1386 2129 1463 possunt
2186 1379 2381 1451 enim,
2442 1384 2514 1439 ut
2555 1393 2752 1458 supra

545 1487 794 1562 monui,
856 1485 1021 1546 intra
1086 1480 1364 1547 eiusdem
1432 1483 1799 1568 categoriae
1857 1480 2151 1545 ambitum
2210 1480 2481 1565 reperiri
2538 1487 2753 1541 tamen

541 1607 705 1674 quae
751 1605 989 1674 genere
1035 1584 1283 1649 diversa
1328 1588 1486 1661 sint3
1531 1583 1645 1649 sed
1690 1586 1757 1647 in
1805 1582 2025 1648 eadem
2069 1583 2418 1670 praedicati
2462 1583 2629 1644 serie
2673 1600 2755 1644 ea

541 1689 840 1756 videntur
883 1689 1034 1768 dici,
1094 1709 1284 1774 quae,
1330 1698 1402 1753 ut
1448 1687 1808 1753 Aristotelis
1854 1686 2064 1751 verbis
2108 1696 2281 1765 utar,
2322 1681 2528 1749 ταύτὸ
2572 1683 2756 1766 λέγε·

542 1817 670 1873 ται,
703 1793 810 1859 vel
850 1788 1026 1858 ὅσων
1061 1787 1263 1857 ταύτὸ
1295 1800 1756 1879 κατηγορεῖται
1787 1785 1958 1855 κατὰ
1996 1783 2116 1869 τὴν
2153 1786 2406 1855 οὐσίαν.
2436 1827 2525 1838 -
2567 1789 2680 1864 al,
2708 1787 2755 1851 ‘2

544 1900 652 1985 τῷ·
681 1901 852 1982 γένει
895 1895 1069 1983 quod
1115 1898 1333 1982 scripsi
1379 1915 1500 1981 pro
1547 1894 1719 1982 vulg.
1766 1895 1859 1977 τῷ
1903 1892 2055 1959 εἴδει
2098 1893 2178 1957 cf.
2226 1892 2388 1959 obs.
2436 1916 2498 1978 p.
2533 1891 2682 1955 103.

678 2004 890 2068 10556
926 2002 969 2066 2
1015 1994 1354 2086 διώρισται
1396 1996 1456 2063 δ’
1495 2004 1568 2064 έν
1611 1993 1837 2076 ἄλλοις
1879 1998 2014 2063 κτλ.
2091 1995 2198 2063 Cf.
2243 1999 2296 2062 A
2330 1999 2392 2062 9.

1435 2253 1664 2328 CAP.
1731 2252 1859 2326 IV.
1894 2330 1903 2343 ,

682 2396 1139 2463 contr-metae
1197 2405 1296 2462 est
1350 2396 1703 2463 daven-nitas
1751 2396 1957 2481 plena
2016 2418 2099 2461 cc
2147 2393 2482 2482 peu-secta,
2541 2393 2755 2459 1055·

544 2504 807 2569 3-33,
906 2499 1414 2567 contrarietatis
1470 2523 1639 2588 quac
1694 2503 1785 2567 cit
1827 2510 1890 2567 et
1932 2501 2026 2567 od
2065 2499 2645 2567 contradictionem
2690 2506 2759 2562 et

545 2609 639 2675 ad
670 2608 1107 2695 privationem
1150 2609 1325 2671 ratio
1372 2643 1454 2657 —
1496 2607 1647 2672 b29.

682 2731 892 2794 1055a
920 2730 965 2793 3
1010 2730 1179 2794 ἐπεὶ
1221 2729 1303 2793 δὲ
1345 2764 1426 2779 -
1466 2728 1553 2792 33
1591 2730 1956 2811 μεγίστη.
2032 2727 2385 2792 Diversitas
2422 2746 2611 2811 quum
2647 2744 2760 2787 va-

545 2835 681 2897 rios
735 2835 1006 2919 recipiat
1057 2831 1293 2920 gradus
1353 2841 1417 2896 et
1466 2834 1671 2918 possit
1715 2831 1976 2895 alterum
2024 2830 2102 2895 ab
2150 2828 2355 2895 altero
2398 2831 2600 2916 magis
2644 2830 2761 2891 mi-

545 2958 751 3002 nusve
810 2936 1127 3002 diversum
1186 2957 1352 3014 esse,
1412 2947 1718 3022 oportere
1777 2935 1931 3000 dicit
1974 2936 2082 2999 Ar.
2139 2954 2278 2999 esse
2337 2936 2523 2998 etiam
2583 2932 2758 2995 fasti-

547 3043 722 3128 gium
768 3039 1090 3126 quoddam
1137 3051 1202 3105 et
1246 3061 1604 3126 supremum
1652 3036 2060 3114 diversitatis,
2119 3037 2292 3124 quod
2352 3035 2572 3101 excedi
2630 3055 2759 3098 am-

547 3143 719 3229 plius
763 3151 1063 3229 nequeat3
1127 3152 1193 3207 et
1247 3165 1320 3208 ea
1380 3141 1633 3227 quidem
1679 3163 1915 3206 summa
1961 3164 2037 3207 ac
2079 3141 2360 3228 perfecta
2406 3140 2759 3218 diversitas,

548 3242 592 3325 ἡ
644 3246 920 3328 μεγίστη
978 3241 1274 3337 διαφορά
1317 3248 1437 3324 ⁶5,
1496 3245 1726 3311 dicitur
1783 3249 2365 3325 contrarietas,
2423 3244 2503 3308 cf.
2550 3244 2605 3309 A
2652 3245 2756 3307 lo.

551 3351 765 3415 10180
796 3352 900 3416 27.
949 3348 1091 3416 Cat.
1128 3354 1189 3416 6.
1227 3353 1308 3415 6ae
1335 3354 1439 3417 17.
1485 3352 1759 3416 Meteor.
1791 3349 1851 3414 11
1888 3352 1951 3416 6.
1989 3351 2158 3415 363α
2180 3351 2287 3415 30.
2332 3350 2562 3413 Waitz
2591 3347 2757 3435 Org.

552 3455 667 3518 11⁶
704 3455 809 3519 34.
879 3455 1057 3520 Vere
1101 3465 1308 3519 autem
1354 3476 1634 3521 summae
1676 3453 2064 3519 diversitatis
2108 3457 2368 3519 nomine
2415 3474 2552 3518 eam
2599 3449 2759 3516 defi-

548 3559 672 3623 niri
705 3561 1054 3636 notionem,
1102 3581 1283 3645 quam
1317 3561 1784 3624 contrarietatis
1814 3556 2134 3622 vocabulo
2165 3557 2614 3646 significamus,
2649 3575 2759 3639 ap-

548 3684 778 3749 parere
815 3664 970 3734 dicit
1013 3667 1083 3726 έκ
1124 3666 1245 3743 τῆς
1286 3663 1649 3748 ἐπαγωγῆς.
1706 3655 1792 3726 τοὶ
1829 3664 1949 3745 μὲν
1982 3655 2110 3748 γὰρ
2145 3665 2315 3745 γένει
2348 3662 2761 3749 διαφέροντα

550 3763 669 3831 οὐκ
713 3768 840 3852 ἔχει
883 3758 1046 3833 ὁδὸν
1090 3771 1180 3843 εἰς
1223 3761 1481 3847 ἄλληλα
1525 3763 1672 3830 ἀλλ’
1712 3761 1937 3850 ἀπέχει
1979 3766 2179 3831 πλέον
2215 3766 2328 3830 καὶ
2362 3760 2761 3850 ἀσύμβλητα

549 3871 704 3949 (int.
737 3871 914 3951 έστί)
960 3879 1099 3947 τοῖς
1139 3867 1200 3936 δ’
1229 3869 1381 3935 ε’ίδει
1417 3871 1845 3958 διαφέρουσιν
1879 3872 1952 3933 αἱ
1985 3871 2268 3954 γενέσεις
2301 3873 2371 3932 ἑκ
2406 3870 2537 3933 τῶν
2568 3872 2762 3932 ἐναν-

551 3972 709 4035 τίων
753 3974 917 4037 εὶσὶν
960 3970 1046 4050 ὡς
1088 3969 1381 4059 ἐσχάτων
1421 3976 1690 4039 α6-9,
1780 3973 1970 4058 Quae
2026 3973 2219 4037 verba
2280 3992 2407 4058 quo
2467 3951 2763 4057 spectent

553 4084 618 4138 et
662 4074 989 4159 quomodo
1049 4076 1130 4141 ad
1191 4076 1689 4142 confirmandam
1749 4077 2187 4142 definitionem
2235 4088 2419 4141 antea
2464 4076 2763 4162 proposi-

551 4190 676 4244 tam
719 4182 1106 4265 pertineant,
1165 4179 1498 4266 apparebit
1544 4180 2052 4257 conferentibus,
2109 4202 2295 4266 quem
2348 4202 2529 4244 usum
2574 4181 2760 4243 notio

552 4286 1017 4348 contrarietatis
1064 4283 1233 4369 apud
1264 4285 1370 4349 Ar.
1405 4283 1655 4348 habeat.
1729 4281 2169 4349 contrarietas
2212 4285 2379 4347 enim
2413 4285 2765 4369 praecipue

553 4399 1082 4453 commemoratur
1125 4386 1235 4452 ubi
1281 4386 1364 4452 de
1403 4388 1753 4452 mutatione
1793 4390 2005 4474 agitur
2046 4387 2168 4470 (cf.
2200 4388 2394 4473 Phys.
2428 4388 2457 4451 1
2493 4386 2763 4466 5—8);

553 4498 871 4558 contraria
912 4496 1078 4558 enim
1120 4495 1300 4579 quasi
1339 4501 1612 4557 extrema
1649 4501 1798 4557 sunt
1828 4500 2060 4576 puncta
2098 4494 2234 4557 eius
2271 4490 2499 4571 lineae,
2536 4493 2604 4555 in
2640 4510 2768 4576 qua
