3109 5175
1171 394 1252 463 Λ
1301 388 1370 461 2.
1455 388 1643 463 1069
1659 391 1722 461 b.
2406 386 2549 462 473

358 568 569 633 1042·
608 568 714 633 27.
801 568 898 632 lta
942 565 1249 653 quidquid
1291 565 1399 646 fit,
1451 571 1520 631 ὲκ
1578 560 1851 651 δυνάμει
1893 559 2085 642 ὄντος
2128 569 2218 641 εἰς
2260 568 2552 651 ἐνεργείᾳ

358 666 439 738 ὄν
471 675 696 737 transit
728 672 959 757 (Phys.
991 671 1080 736 111
1118 674 1176 737 1.
1211 671 1381 736 2010
1406 673 1547 751 10),
1593 668 1698 735 vel
1736 675 1806 734 ἐκ
1840 666 2113 754 δυνάμει
2145 669 2400 733 τοιοῦδε
2437 663 2550 734 ὅν-

357 798 471 852 τος
515 780 604 850 εἰς
642 778 932 861 ἐνεργείᾳ
965 770 1237 853 τοιόνδε,
1281 786 1347 839 et
1383 777 1621 860 pariter
1650 778 1718 837 in
1753 774 2011 862 reliquis
2044 776 2407 838 mutationis
2442 793 2552 861 ge·

355 880 629 957 neribus,
665 881 816 944 ⁶17.
908 878 1068 944 Inde
1125 882 1336 944 omnia
1394 876 1519 944 diei
1577 887 1851 964 possunt
1904 878 2046 943 fieri
2091 882 2161 942 ἐκ
2203 869 2297 962 μὴ
2341 870 2551 954 ὄντος,

355 994 664 1069 quatenus
709 986 799 1060 ei,
845 981 1015 1047 unde
1058 982 1240 1060 fiunt,
1286 980 1513 1047 accidit
1556 975 1768 1063 (κατὰ
1811 975 2223 1066 συμβεβηκός
2261 981 2434 1061 ῠΙΘ)
2478 989 2554 1045 ut

353 1108 489 1152 non
530 1086 599 1152 id
640 1090 722 1152 sit
764 1085 940 1173 quod
981 1085 1071 1165 fit,
1119 1087 1197 1151 cf.
1230 1087 1422 1173 Phys.
1454 1088 1484 1151 Ι
1516 1088 1579 1152 8.
1619 1088 1778 1152 1911>
1804 1088 1888 1152 13
1934 1097 2000 1151 et
2041 1083 2122 1150 ad
2153 1085 2217 1148 Z
2241 1086 2301 1148 3.
2340 1085 2552 1149 10296

353 1192 471 1266 25;
531 1189 645 1255 sed
706 1189 928 1255 eadem
981 1190 1122 1255 fieri
1182 1202 1354 1255 recte
1410 1189 1707 1255 dicuntur
1760 1186 1829 1268 ἐξ
1874 1184 2093 1269 ὄντος,
2150 1190 2439 1254 nimirum
2484 1185 2554 1267 ἐξ

221 1350 226 1355 .
355 1288 548 1370 ὄντος
591 1288 881 1394 δυνάμει.
949 1295 1132 1358 Hanc
1176 1298 1310 1358 sive
1343 1298 1673 1381 potentiae
1707 1297 1843 1359 sive
1877 1297 2175 1358 materiae
2204 1295 2555 1374 notionem,

355 1419 518 1484 quae
563 1399 632 1462 in
679 1397 1049 1485 explicanda
1093 1401 1444 1464 mutatione
1482 1401 1832 1486 principem
1870 1396 1990 1463 sibi
2027 1398 2238 1462 locum
2275 1396 2559 1462 vindicat

353 1502 588 1588 (Phys.
619 1501 651 1565 1
685 1503 743 1567 8.
787 1493 1056 1570 191⁶-34
1072 1507 1115 1582 ),
1159 1524 1292 1569 non
1338 1505 1612 1568 assecuti
1654 1499 1907 1588 quidem
1952 1513 2103 1567 sunt
2137 1514 2385 1567 veteres
2421 1502 2557 1589 phi-

352 1605 642 1693 losophi,
698 1605 810 1669 sed
869 1604 1236 1671 divinarunt
1292 1618 1517 1671 tamen.
1607 1607 1859 1671 Etenim
1917 1607 2325 1695 Anaxagoras
2381 1605 2557 1694 quod

353 1713 657 1775 unitatem
702 1712 939 1795 posuit,
983 1731 1057 1774 ex
1103 1732 1245 1797 qua,
1296 1731 1488 1796 quum
1533 1714 1872 1775 coniuncta
1918 1714 2129 1775 omnia
2176 1709 2556 1797 complecta-

355 1825 471 1893 tur,
527 1817 691 1879 ratio
737 1823 965 1899 postea
1010 1835 1113 1879 res
1157 1814 1476 1879 discernat
1519 1813 1640 1895 (cf.
1682 1813 1763 1879 ad
1803 1814 1877 1879 A
1917 1815 1979 1880 8.
2026 1817 2195 1881 9890
2230 1817 2321 1882 30
2360 1837 2494 1902 sqq.
2509 1819 2555 1898 ),

354 1916 779 2005 Empedocles
825 1916 1001 2004 quod
1039 1927 1253 2002 μῖγμα
1297 1918 1417 1997 (cf.
1453 1917 1534 1982 ad
1564 1917 1633 1983 B
1666 1922 1727 1984 4.
1759 1920 1970 1984 100041
1992 1920 2080 1983 26
2094 1921 2139 1999 ),
2185 1921 2557 1984 Anaximan-

355 2021 472 2088 der
510 2021 688 2108 quod
724 2020 1040 2086 infinitum
1085 2021 1205 2101 (cf.
1238 2021 1451 2087 Zeller
1481 2022 1596 2086 Ph.
1629 2020 1689 2086 d.
1723 2021 1837 2088 Gr.
1869 2024 1916 2087 Ι.
1949 2046 2009 2108 p.
2035 2025 2161 2103 77)
2203 2023 2397 2088 rebus
2431 2025 2558 2088 sin-

356 2126 525 2214 gulis
571 2147 645 2189 ac
691 2123 968 2190 definitis
1012 2125 1299 2205 subiecit,
1341 2126 1751 2192 Democritus
1798 2126 2073 2214 denique
2113 2125 2286 2213 quod
2325 2125 2557 2214 ubique

358 2241 424 2295 et
468 2251 582 2295 ens
628 2238 694 2294 et
734 2251 1038 2295 non-ens
1078 2240 1267 2317 atque
1304 2234 1391 2296 ita
1426 2231 1610 2296 simul
1647 2236 1859 2297 omnia
1896 2253 2036 2297 esse
2070 2229 2400 2298 contendit
2435 2232 2556 2312 (cf.

353 2336 422 2400 Γ
443 2337 503 2400 5.
536 2337 750 2401 10090
775 2336 858 2401 27
874 2338 921 2414 ),
969 2334 1301 2400 obscuram
1346 2334 1660 2422 quandam
1699 2339 2045 2425 attigerunt
2076 2340 2375 2402 materiae
2408 2340 2559 2401 ima-

354 2444 584 2529 ginem.
617 2478 705 2490 --
749 2439 1044 2503 Extrema
1082 2439 1276 2504 verba
1314 2442 1475 2506 ⁶23:
1522 2435 1810 2523 δυνάμει,
1855 2444 2146 2526 ἐνεργείᾳ
2179 2437 2239 2506 δ’
2267 2435 2362 2521 οὔ,
2405 2441 2560 2507 licet

354 2543 534 2610 Alex.
585 2555 651 2610 et
686 2544 961 2609 loannes
999 2542 1158 2609 Phil.
1204 2539 1480 2630 δυνάμει
1519 2543 1601 2610 ad
1645 2544 1841 2611 verba
1881 2545 2235 2612 Democriti
2278 2546 2561 2612 referant

356 2657 423 2714 et
449 2646 617 2712 idem
643 2646 946 2713 Trendel.
978 2646 1060 2713 de
1090 2669 1190 2712 an.
1222 2671 1284 2733 p.
1312 2650 1443 2714 318
1475 2659 1540 2713 et
1571 2649 1856 2714 Mullach
1882 2650 2185 2716 Democr.
2218 2651 2291 2715 fr.
2324 2674 2385 2736 p.
2408 2652 2558 2729 209,

354 2755 483 2818 337
530 2752 676 2817 fieri
719 2750 948 2830 ve‘lint,
1000 2763 1309 2817 commate
1356 2774 1391 2815 a
1438 2752 1874 2839 superioribus
1919 2757 2181 2820 seiunxi.
2269 2754 2346 2819 Id
2389 2758 2557 2820 enim

352 2860 559 2942 ipsum
592 2855 745 2921 dicit
775 2857 899 2934 Ar„
944 2866 1192 2920 veteres
1231 2855 1657 2942 philosophos
1695 2878 1853 2922 non
1892 2867 2217 2923 assecutos
2247 2857 2395 2924 illos
2424 2861 2559 2945 qui-

356 2961 508 3027 dem·
543 2982 686 3025 esse
729 2964 930 3046 ipsam
976 2962 1275 3024 materiae
1312 2959 1417 3024 vel
1452 2960 1782 3048 potentiae
1819 2964 2146 3027 notionem
2192 2963 2353 3044 (hae
2391 2966 2557 3027 enim

353 3087 560 3153 prope
605 3065 686 3130 ad
731 3063 897 3128 idem
945 3063 1230 3141 redeunt,
1277 3064 1356 3129 cf.
1401 3062 1482 3129 ad
1535 3064 1594 3128 Θ
1633 3068 1692 3129 ’7.
1736 3067 1940 3132 104Θὸ
1968 3068 2115 3148 37),
2159 3065 2273 3131 sed
2318 3070 2373 3131 si
2417 3070 2558 3153 quis

357 3191 577 3236 eorum
621 3168 853 3256 placita
903 3167 1269 3254 diligentius
1316 3173 1663 3234 excusserit
1707 3170 1826 3253 (cf.
1859 3171 1930 3235 A
1959 3174 2018 3236 8.
2050 3172 2219 3237 9891:
2241 3174 2331 3237 30
2362 3192 2496 3258 sqq.
2510 3175 2559 3252 ),

356 3295 549 3363 posse
594 3276 664 3338 in
708 3274 787 3337 iis
832 3272 1106 3337 obscura
1152 3273 1459 3357 quaedam
1506 3295 1717 3337 earum
1760 3278 2029 3362 vestigia
2075 3279 2362 3340 inveniri.
2437 3276 2560 3339 lta—

355 3400 480 3465 que
537 3376 874 3464 probabile
932 3397 1066 3441 non
1125 3386 1250 3453 est,
1309 3377 1414 3439 Ar.
1460 3377 1665 3462 ipsum
1713 3372 2045 3461 δυνάμεως
2092 3401 2327 3445 nomen
2385 3377 2558 3465 apud

353 3484 793 3547 Democritum
839 3484 1175 3559 invenisse,
1219 3477 1351 3559 sed,
1397 3500 1559 3565 quae
1605 3482 1740 3544 eius
1778 3491 1874 3545 est
1910 3481 2329 3559 consuetudo,
2373 3503 2557 3547 suum

353 3584 734 3652 vocabulum
780 3584 862 3650 ad
909 3583 1279 3670 explicanda
1326 3582 1534 3648 aliena
1581 3583 1810 3669 placita
1856 3584 2245 3665 adhibuisse,
2291 3585 2373 3651 cf.
2418 3583 2559 3650 Zel-

354 3690 450 3756 ler
477 3691 592 3755 Ph.
631 3689 690 3754 d.
724 3689 838 3754 Gr.
869 3690 917 3753 1.
949 3713 1012 3775 p.
1034 3689 1186 3754 205.
1238 3687 1459 3753 Jahrb.
1493 3686 1554 3752 d.
1588 3687 1901 3777 Gegenw.
1936 3691 2125 3754 1843.
2157 3714 2217 3776 p.
2247 3691 2396 3755 132.

487 3794 566 3875 b)
600 3795 931 3858 ⁶24—26.
984 3792 1423 3878 Quaecunque
1451 3805 1773 3858 mutantur
1799 3796 2116 3857 materiam
2149 3794 2387 3858 babent
2413 3793 2560 3859 sub-

355 3902 611 3977 iectam,
669 3896 787 3962 sed
843 3919 957 3962 sua
1016 3900 1242 3983 cuique
1296 3899 1662 3962 mutationis
1719 3900 1941 3984 generi
1997 3900 2252 3961 materia
2296 3900 2558 3985 propria

358 4013 482 4081 est,
529 4023 603 4066 ea
649 4003 965 4081 nimirum,
1014 4024 1178 4088 quae
1222 4001 1306 4067 ad
1347 4002 1512 4066 hanc
1555 4005 1964 4066 mutationem
2009 4012 2153 4088 apta
2203 4013 2312 4080 est,
2357 4002 2557 4067 veluti

355 4110 599 4191 γενέσει
642 4106 926 4172 subiecta
974 4118 1074 4172 est
1114 4109 1376 4171 materia
1419 4104 1792 4196 generando
1847 4105 2152 4187 obnoxia,
2203 4109 2389 4195 φορᾷ
2434 4129 2559 4172 ma-

357 4213 515 4276 teria
558 4211 710 4277 loco
747 4210 1053 4277 mutando
1093 4222 1239 4297 apta
1278 4223 1343 4277 et
1379 4211 1668 4276 similiter
1698 4208 1978 4298 reliquis.
2035 4210 2139 4277 Cf.
2174 4214 2233 4276 7.
2266 4213 2469 4276 1072b
2494 4213 2557 4275 5.

353 4318 445 4381 Η
470 4319 528 4382 1.
567 4318 907 4382 10421234.
961 4316 1153 4401 Phys.
1184 4317 1245 4380 ll
1279 4317 1342 4380 2.
1385 4318 1542 4382 194ῠ
1573 4316 1644 4381 8:
1688 4317 1783 4381 ἔτι
1824 4317 1955 4381 τῶν
1998 4310 2163 4399 πρός
2206 4336 2266 4378 τι
2312 4311 2353 4393 ἡ
2398 4308 2553 4393 ὕλη·

353 4414 536 4506 ἄλλῳ
579 4414 709 4505 γὰρ
753 4418 906 4486 εἴδει
947 4414 1116 4499 ἄλλη
1159 4415 1300 4498 ὕλη.

489 4526 695 4591 1069ῠ
716 4525 805 4589 25
849 4520 1015 4587 ἀλλ’
1056 4525 1367 4611 ἑτέραν.
1445 4522 1643 4607 Quod
1679 4522 1839 4590 Obs.
1887 4546 1947 4609 p.
1981 4525 2108 4589 125
2154 4521 2554 4587 scribendum
