3109 5175
560 395 649 473 14

550 574 888 640 manifesto
942 576 1278 660 respicitur
1327 573 1412 637 H
1451 573 1514 638 3.
1564 572 1768 637 104ae
1808 573 1919 647 16,
1979 591 2349 657 quamquam
2408 572 2560 636 satis
2617 572 2757 636 uni-

552 701 737 746 verse
785 687 849 741 et
888 671 1258 742 indistincte
1315 675 1404 740 ibi
1448 675 1701 761 scripsit
1742 679 1814 739 ἐν
1856 669 2109 751 ἄλλοιςε
2168 674 2481 739 δέδεικται
2528 673 2601 740 δὲ
2642 675 2757 741 καὶ

553 778 913 862 δεδήλωται
967 783 1038 845 ἐν
1093 774 1320 856 ἄλλοις
1364 774 1468 845 ὅτι
1508 773 1588 844 τὸ
1634 773 1806 854 εἶδος
1848 774 2082 854 οὐθεὶς
2122 785 2296 845 ποιεῖ
2339 775 2489 844 οὐδὲ
2531 778 2754 863 γεννᾷ.

548 885 725 952 Idem
768 883 933 949 liber
978 884 1040 947 Z
1077 883 1174 947 his
1216 883 1431 948 verbis
1473 888 1545 949 ἐν
1587 889 1728 956 τοῖς
1782 881 1932 968 περὶ
1973 883 2092 961 τῆς
2133 878 2366 959 οὐσίας
2409 877 2632 966 λόγοις
2675 884 2757 947 si-

551 988 895 1077 gnificatur
929 986 988 1052 Θ
1014 986 1076 1051 8.
1110 988 1313 1051 lii-19⁶
1343 988 1457 1051 27:
1505 981 1757 1071 εἴρηται
1799 980 1860 1048 δ’
1894 988 1967 1049 ἐν
2001 991 2144 1060 τοῖς
2185 987 2336 1069 περὶ
2375 985 2498 1064 τῆς
2527 982 2758 1060 οὐσίας

552 1088 773 1176 λόγοις
815 1085 918 1155 ὅτι
961 1085 1143 1154 ἅπαν
1185 1085 1264 1154 τὸ
1308 1084 1698 1173 γιγνόμενον
1738 1088 2032 1171 γίγνεται
2074 1090 2143 1153 ἔκ
2186 1084 2366 1166 τινός
2394 1111 2458 1153 τι
2485 1089 2599 1154 καὶ
2625 1083 2755 1154 ὑπό

549 1217 745 1272 τινος,
786 1194 900 1259 καὶ
943 1194 1138 1259 τοῦτο
1182 1194 1278 1276 τῷ
1320 1191 1474 1259 εἴδει
1514 1185 1592 1256 τὸ
1638 1185 1820 1269 αὐτό,
1865 1189 1944 1254 ci.
1992 1192 2054 1255 Z
2094 1195 2133 1258 7
2151 1195 2311 1258 —9.

682 1295 952 1362 Accedit
992 1295 1229 1362 deinde
1274 1294 1450 1382 quod
1495 1296 1756 1360 extremi
1803 1303 2074 1380 quatuor
2120 1318 2195 1360 ex
2238 1296 2354 1375 his,
2400 1316 2562 1383 quos
2604 1315 2757 1360 con-

553 1405 770 1467 tinuos
811 1421 950 1466 esse
987 1399 1267 1479 diximus,
1311 1399 1491 1465 libris
1521 1396 1791 1463 ΕΖΗΘ
1832 1402 1917 1462 ita
1962 1400 2129 1463 inter
2171 1421 2243 1464 se
2286 1409 2435 1465 sunt
2469 1401 2757 1477 connexi,

554 1516 626 1571 ut
671 1504 935 1570 alterum
982 1502 1291 1569 divellere
1333 1503 1414 1568 ab
1459 1502 1664 1567 altero
1710 1522 1903 1589 aegre
1946 1504 2278 1566 sustineas.
2352 1502 2552 1572 Libro
2587 1504 2756 1568 enim

557 1611 620 1673 Ζ
659 1629 740 1674 eo
786 1609 931 1695 ipso
978 1605 1128 1672 loco
1176 1609 1476 1693 incipitur
1518 1609 1841 1690 quaestio,
1887 1604 1980 1670 ad
2026 1627 2211 1691 quem
2259 1615 2532 1671 extrema
2577 1616 2757 1692 parte

448 1759 475 1784 .
555 1713 701 1778 libri
732 1713 800 1778 E
834 1710 1109 1777 deducta
1155 1720 1281 1786 est;
1327 1712 1461 1796 ipsa
1505 1707 1615 1772 illa
1660 1707 1877 1786 verba,
1924 1708 2150 1794 quibus
2193 1709 2603 1796 multiplicem
2651 1730 2759 1773 en-

555 1819 636 1881 tis
680 1819 1039 1894 notionem,
1092 1814 1436 1900 πολλαχῶς
1479 1813 1735 1896 λέγεται
1774 1805 1853 1876 τὰ
1897 1804 2003 1889 ὄν,
2050 1822 2116 1875 et
2159 1823 2438 1876 extremo
2484 1809 2650 1876 libro
2697 1813 2778 1877 Ε*

558 1929 623 1984 et
655 1923 722 1984 in
757 1919 1112 2006 primordio
1149 1917 1297 1983 libri
1331 1919 1393 1982 Z
1421 1915 1756 2003 significat,
1800 1917 1938 1978 sive
1983 1925 2254 2001 utroque
2298 1915 2448 1980 loco
2495 1915 2576 1981 ab
2612 1919 2758 2002 ipso

557 2021 901 2089 Aristotele
947 2025 1205 2109 scripta,
1261 2023 1396 2085 sive
1443 2019 1647 2083 altero
1701 2018 1881 2096 loco,
1938 2020 2004 2082 in
2045 2017 2180 2082 fine
2225 2017 2369 2083 libri
2416 2020 2508 2099 E,
2552 2018 2761 2084 aliena

553 2148 744 2192 manu
800 2126 1013 2191 addita
1069 2135 1392 2212 putemus,
1457 2123 1622 2186 hanc
1688 2120 1942 2207 quidem
2003 2122 2085 2186 ad
2143 2143 2275 2186 rem
2333 2122 2489 2187 nihil
2519 2123 2756 2188 refert.

555 2228 815 2295 Deinde
854 2228 1019 2294 liber
1059 2229 1151 2292 H
1198 2230 1464 2313 primum
1526 2247 1688 2312 quae
1744 2224 1912 2289 libro
1961 2226 2023 2289 Z
2063 2229 2344 2312 exposita
2399 2236 2548 2291 sunt
2591 2243 2758 2291 com—

555 2331 854 2419 plectitur
898 2342 963 2397 et
1006 2353 1167 2417 quae
1211 2329 1361 2394 inde
1406 2339 1879 2414 consequantur
1917 2328 2209 2414 explicat:
2257 2333 2327 2393 ἐκ
2370 2322 2453 2408 δὴ
2495 2332 2626 2395 τῶν
2669 2333 2758 2394 sl-

556 2440 853 2521 ρημένων
899 2435 1433 2518 συλλογίσασθαι
1466 2433 1581 2509 δεῖ,
1625 2434 1736 2496 καὶ
1767 2428 2262 2515 συναγαγόντας
2290 2426 2367 2497 τὸ
2396 2429 2761 2522 κεφάλαιον

557 2539 743 2615 τέλος
797 2539 1147 2605 ἐπιθεῖναι.
1237 2539 1535 2623 Denique
1581 2535 1726 2600 libri
1780 2534 1837 2601 Θ
1881 2537 2064 2601 initio
2107 2556 2243 2602 non
2299 2533 2504 2600 solum
2563 2538 2749 2623 respi-

559 2645 809 2707 ciuntur
853 2664 959 2721 ea,
1016 2664 1178 2728 quae
1233 2638 1718 2707 duobus'libris
1770 2637 2205 2726 superioribus
2250 2637 2568 2724 disputata
2612 2650 2762 2705 sunt

560 2754 628 2810 et
660 2767 946 2810 excussa:
991 2747 1136 2832 περὶ
1181 2747 1299 2830 μὲν
1345 2735 1462 2810 οὖν
1508 2745 1625 2809 τοῦ
1669 2739 1937 2829 πρώτως
1980 2735 2172 2817 ὄντος
2204 2744 2315 2806 καὶ
2348 2737 2515 2829 πρὸς
2551 2736 2593 2808 ὃ
2630 2743 2763 2808 aa·

558 2869 673 2913 σαι
729 2851 799 2912 αἱ
857 2842 1057 2913 ἄλλαι
1109 2850 1498 2932 κατηγορίαι
1563 2848 1684 2911 τοῦ
1741 2839 1933 2922 ὄντος
1987 2843 2439 2935 ἀναφέρονται
2494 2844 2761 2933 εἴρηται,

557 2953 706 3039 περὶ
748 2955 868 3031 τῆς
911 2949 1140 3028 οὐσίας
1182 2952 1345 3029 κτλ.,
1399 2950 1511 3014 sed
1562 2952 1747 3014 etiam
1793 2971 1964 3015 nova
2009 2950 2297 3034 quaestio
2345 2948 2428 3013 de
2471 2951 2761 3035 potentia

561 3065 628 3120 et
683 3067 829 3120 actu
882 3056 1010 3119 hoc
1059 3058 1451 3141 potissimum
1498 3051 1646 3118 loco
1694 3066 1760 3119 et
1803 3063 1951 3139 apte
1991 3051 2249 3116 videtur
2290 3063 2356 3117 et
2397 3057 2760 3118 necessario

556 3160 819 3237 institui,
864 3161 1160 3244 quoniam
1198 3167 1262 3223 et
1302 3157 1382 3222 ad
1418 3157 1545 3220 boc
1580 3156 1915 3222 discrimen
1946 3154 2202 3220 deducti
2235 3178 2446 3222 sumus
2475 3161 2544 3222 in
2573 3178 2763 3243 quae-

560 3261 760 3326 renda
803 3261 910 3326 vel
951 3283 1157 3326 rerum
1193 3259 1582 3326 sensibilium
1623 3260 1730 3325 vel
1770 3262 2103 3325 notionum
2135 3264 2376 3327 unitate
2421 3261 2542 3342 (H
2562 3264 2650 3340 6),
2697 3270 2764 3325 et

560 3366 688 3430 hoc
730 3376 1018 3451 quartum
1064 3369 1299 3430 entium
1346 3384 1549 3453 genus
1597 3363 1803 3430 adbuc
1845 3373 2139 3450 superest
2181 3363 2261 3429 ad
2305 3364 2764 3450 inquirendum,

563 3469 641 3533 cl'.
691 3470 756 3532 E
792 3473 853 3533 2.
905 3507 985 3520 -
1042 3470 1260 3556 Itaque
1307 3492 1494 3555 quum
1542 3479 1816 3554 quatuor
1861 3480 2173 3535 extremos
2216 3467 2418 3535 libros
2464 3490 2595 3534 uno
2641 3469 2765 3533 dis-

562 3573 826 3659 putandi
875 3585 1173 3639 contextu
1220 3576 1529 3638 contineri
1577 3583 1904 3660 appareat,
1958 3577 2139 3659 primi
2185 3586 2392 3639 autem
2440 3573 2570 3639 duo
2615 3572 2764 3637 libri

564 3678 702 3741 AB
758 3678 928 3742 hunc
985 3698 1162 3741 suum
1224 3677 1432 3742 locum
1491 3676 1596 3740 vel
1655 3687 1878 3762 suapte
1923 3688 2146 3742 natura
2190 3688 2514 3755 tueantur,
2571 3687 2638 3741 et
2691 3675 2766 3741 li-

564 3780 687 3844 bro
732 3782 799 3845 Γ
837 3782 1142 3844 continuo
1190 3784 1459 3865 scriptor
1501 3777 1586 3843 ad
1637 3779 1979 3845 solvendas
2040 3802 2146 3845 eas
2205 3785 2610 3867 quaestiones
2666 3802 2766 3844 ac-

566 3883 769 3963 cedat,
813 3905 968 3969 quas
1008 3880 1180 3947 libro
1212 3883 1278 3947 Β
1318 3886 1675 3969 proposuit,
1723 3904 1991 3969 eumque
2035 3883 2260 3950 librum
2309 3896 2526 3972 aperte
2570 3886 2768 3970 respi-

567 3990 714 4051 ciat:
774 4008 901 4051 una
957 4008 1213 4051 manere
1271 3997 1488 4072 potest
1546 3985 1894 4065 dubitatio,
1953 4010 2103 4053 num
2157 3988 2320 4053 liber
2363 3990 2453 4067 E,
2511 3992 2578 4053 in
2635 4006 2764 4074 quo

564 4093 743 4176 quasi
803 4090 887 4156 de
939 4094 1192 4179 integro
1251 4089 1740 4177 disputationem
1794 4091 2051 4157 videtur
2115 4092 2342 4171 ordiri,
2404 4090 2767 4156 Aristotelis

570 4214 645 4257 ex
690 4192 961 4258 consilio
1009 4197 1213 4281 ipsum
1258 4193 1485 4259 librum
1532 4195 1600 4258 Γ
1636 4198 1944 4260 continuo
1992 4199 2326 4282 exceperit,
2372 4216 2454 4262 an
2493 4194 2600 4259 vel
2643 4193 2768 4259 alia

566 4299 941 4383 interposita
1003 4319 1142 4361 esse
1198 4295 1305 4361 vel
1351 4301 1613 4362 omnino
1660 4300 1909 4385 seiungi
1954 4299 2164 4385 aliquo
2211 4297 2406 4364 modo
2451 4301 2790 4385 posterio-'

562 4420 698 4463 rem
740 4399 1325 4486 Metspbysicorum
1370 4412 1611 4487 partem
1645 4402 1799 4464 E—
1824 4402 1882 4466 Θ
1925 4426 1959 4467 a
2008 4408 2222 4490 priore
2267 4402 2562 4469 voluerit.
2637 4401 2771 4468 Sed

564 4503 728 4568 'haec
773 4507 959 4568 etiam
1005 4504 1318 4571 dubitatio
1362 4503 1506 4571 tolli
1549 4505 1873 4572 videbitur
1915 4519 2283 4595 comparato
2329 4507 2495 4574 libro
2543 4507 2630 4573 K.
