3109 5175
567 364 713 441 346
1368 369 1443 437 Z
1493 365 1602 440 13.
1686 363 1873 439 1038
1890 365 1953 438 b.

569 544 764 650 fueris
808 538 1136 605 dividendi
1179 542 1522 620 rationem,
1580 551 1711 605 tum
1753 561 1890 606 non
1934 539 2058 605 alia
2100 541 2223 604 nisi
2269 548 2543 606 extrema
2586 538 2773 605 diffe—

568 647 772 710 rentia
828 644 911 709 ad
966 643 1393 709 definiendam
1451 646 1783 709 notionem
1841 655 1940 709 est
1981 642 2343 708 adhibenda
2370 644 2449 724 ¹).
2538 643 2770 730 Super-

569 748 761 814 ssuum
811 769 969 826 esse,
1013 747 1168 812 aliae
1213 757 1537 834 praeterea
1582 747 1949 826 adsciscere,
1994 746 2182 811 facile
2220 757 2485 832 apparet
2528 748 2774 826 (δῆλον

568 849 628 917 δ’
663 845 749 915 ἂν
792 849 890 930 εἴη
933 852 1067 915 κτλ.
1109 853 1302 931 ⁶3⁰),
1346 854 1401 916 si
1437 854 1577 938 quis
1611 862 1799 916 notas
1833 852 2119 915 notionis
2155 852 2224 914 in
2256 848 2447 914 alium
2484 859 2775 936 transpo-

567 957 767 1020 suerit
812 953 1127 1031 ordinem,
1171 954 1370 1020 veluti
1413 976 1548 1019 non
1593 955 1762 1037 ζῷον
1805 949 2103 1020 ὑπόπουν
2146 952 2396 1030 δίπουν,
2444 953 2562 1018 sed
2603 953 2773 1035 ζῷον

570 1058 805 1123 δίπουν
845 1053 1161 1122 ὑπόπουν.
1230 1060 1420 1144 Atqui
1459 1062 1546 1122 ita
1585 1070 2004 1143 transponere
2041 1065 2229 1121 notas
2265 1054 2428 1134 licet,
2472 1059 2773 1142 quoniam

568 1157 753 1238 τάξις
796 1157 912 1224 οὐκ
954 1161 1129 1228 ἔστιν
1172 1166 1244 1226 ἐν
1288 1164 1368 1249 τῇ
1410 1160 1606 1246 οὐσίᾳ
1647 1165 1800 1227 033.
1873 1162 1948 1225 ln
1984 1159 2476 1224 invenienda
2516 1158 2773 1245 quidem

569 1268 838 1329 notione
882 1273 1060 1328 certo
1104 1263 1379 1349 quodam
1427 1266 1653 1330 ordine
1699 1286 1734 1329 a
1780 1284 2023 1329 summo
2067 1283 2305 1350 genere
2350 1262 2434 1327 ad
2465 1261 2773 1327 inferiora

571 1366 1087 1432 descendendum
1135 1378 1257 1444 est,
1316 1367 1394 1432 cf.
1442 1369 1561 1432 An.
1608 1378 1775 1453 post.
1821 1369 1881 1432 11
1929 1368 2031 1431 13.
2076 1368 2201 1430 970
2235 1366 2351 1429 25:
2405 1368 2518 1431 καὶ
2561 1366 2773 1430 ταῦτα

570 1464 769 1547 τάξαι
811 1471 877 1533 τί
918 1472 1179 1552 πρῶτον
1215 1464 1260 1549 ἢ
1296 1465 1614 1554 δεύτερον,
1659 1469 1742 1534 ad
1777 1474 1974 1556 ipsam
2009 1472 2425 1534 notionem
2465 1467 2774 1532 definien-

571 1571 714 1637 dam
760 1593 894 1638 non
937 1575 1217 1660 pertinet
1256 1572 1416 1639 illud
1462 1573 1784 1662 dignitatis
1828 1573 2193 1651 discrimen,
2240 1583 2313 1637 ut
2356 1593 2550 1637 unum
2595 1573 2773 1656 prius

569 1679 653 1742 eit
695 1675 959 1744 alterum
1003 1679 1343 1763 posterius,
2197 1665 2201 1669 ’

1418 1919 1647 1996 cAP.
1708 1918 1924 2034 xm.

710 2067 1093 2134 Univeraeale
1123 2089 1256 2133 non
1291 2090 1433 2132 ecee
1460 2067 1890 2133 substantiam
1933 2104 2014 2119 —
2053 2068 2264 2133 1⁰:39⁶
2292 2069 2412 2147 14,-
2444 2067 2599 2132 inde
2625 2089 2775 2132 eon-

570 2196 845 2261 aeequene
888 2194 1052 2252 ease,
1094 2181 1167 2237 ut
1209 2170 1574 2237 substantia
1618 2171 1938 2259 quaelibet
1978 2171 2255 2256 aintplex
2293 2173 2383 2237 ait
2430 2207 2509 2220 —
2550 2172 2707 2237 «123.

705 2292 909 2358 1038b
950 2292 988 2353 l
1035 2290 1212 2353 ἐπεὶ
1258 2325 1338 2340 -
1382 2292 1426 2354 9
1470 2291 1947 2374 λεγομένων.
2013 2293 2107 2356 Ex
2137 2300 2413 2375 quatuor
2441 2288 2584 2366 illis,
2618 2309 2773 2375 quas

572 2394 652 2460 ab
685 2397 869 2459 initio
899 2394 1253 2478 proposuit,
1288 2392 1680 2457 substantiae
1709 2393 2299 2482 significationibuS,
2334 2394 2395 2459 3.
2431 2394 2635 2458 1028⁶
2657 2395 2773 2457 34:

569 2491 649 2563 τὸ
693 2499 761 2562 τί
802 2486 888 2576 ἦν
931 2490 1098 2561 εἶναι
1138 2496 1253 2559 καὶ
1294 2488 1372 2559 τὸ
1415 2491 1722 2566 καθόλου
1758 2499 1871 2562 καὶ
1906 2490 1985 2562 τὰ
2023 2499 2211 2579 γένος
2242 2534 2324 2548 -
2354 2498 2468 2562 καὶ
2499 2489 2579 2562 τὸ
2611 2493 2774 2562 ὑπο-

569 2603 897 2685 κείμενον,
952 2602 1427 2685 quoniamtres
1470 2602 1911 2684 pertractavit,
1967 2594 2045 2666 τὸ
2087 2599 2544 2684 ὑποκείμενον,
2587 2594 2665 2665 τὸ
2710 2601 2775 2665 τί

570 2694 657 2783 ἦν
701 2700 884 2780 εἶναι,
928 2696 1004 2767 τὰ
1049 2705 1254 2786 γένος,
1298 2712 1523 2787 quarta
1568 2712 1764 2768 restat
1807 2726 1971 2789 quae
2014 2707 2381 2790 inquiratur,
2432 2696 2511 2768 τὸ
2553 2697 2774 2769 καθό-

570 2807 709 2871 λου.
777 2807 995 2884 (Haec
1032 2828 1220 2892 quum
1260 2808 1344 2870 eit
1379 2808 1829 2871 sententiarum
1868 2811 2050 2886 ratio,
2089 2806 2603 2895 distinguendum
2635 2826 2776 2871 esse

572 2919 883 2974 commate
925 2920 1076 2995 post
1117 2904 1396 2987 τούτων,
1451 2930 1602 2988 nec,
1660 2909 1833 2995 quod
1886 2911 2037 2976 fecit
2079 2909 2443 2988 BekkeruS,
2497 2919 2649 2996 post
2691 2899 2776 2989 ἦν

571 3008 740 3079 εἶναι
783 3023 1063 3098 apparet.
1152 3010 1458 3079 Ceterum
1493 3011 1875 3078 Aristoteles
1919 3016 2037 3077 tria
2083 3013 2209 3094 illa,
2253 3007 2331 3079 τὰ
2375 3035 2507 3093 τηε,
2548 3005 2626 3077 τὰ
2670 3015 2775 3095 γέ-

570 3138 706 3194 νος,
748 3110 826 3180 τό
869 3113 1313 3199 ὑποκείμενον,
1357 3133 1493 3177 non
1535 3113 1726 3199 plane
1760 3119 1847 3180 ita
1889 3125 1959 3181 ut
1993 3138 2185 3203 supra
2221 3119 2634 3195 enumeravit,
2673 3115 2778 3180 hic

571 3222 640 3284 in
681 3221 1046 3283 memoriam
1093 3227 1384 3295 revocat,
1440 3217 1555 3282 sed
1610 3222 1846 3285 omisso
1889 3241 2126 3307 genere
2173 3220 2352 3285 addit
2390 3214 2470 3286 τὸ
2514 3225 2584 3284 ἐκ
2626 3213 2777 3285 τού-

571 3345 731 3389 τωνε
789 3324 1081 3389 nimirum
1135 3315 1214 3389 τὸ
1273 3325 1462 3406 γένος
1522 3321 1823 3408 explicuit
1875 3323 1988 3388 ubi
2043 3328 2303 3410 exponit
2343 3317 2422 3389 τὸ
2465 3346 2606 3402 τηε,
2661 3319 2777 3387 sed

575 3448 716 3492 cum
757 3426 1075 3492 substrato
1118 3436 1183 3492 et
1220 3429 1492 3491 notione
1530 3430 1857 3493 coniunxit
1889 3426 1960 3491 id
1995 3427 2171 3513 quod
2207 3449 2283 3493 ex
2317 3438 2591 3514 utroque
2626 3447 2778 3492 con·

571 3535 793 3596 iuncto
842 3533 1060 3608 oritur,
1105 3551 1239 3595 rem
1285 3540 1665 3596 concretam.
1700 3568 1779 3583 -
1823 3533 1905 3595 ⁶6
1952 3531 2142 3614 διχῶς
2183 3527 2534 3609 ὑπόκειται,
2580 3530 2660 3596 cf.
2695 3528 2775 3594 ad

571 3635 645 3699 A
679 3637 742 3700 2.
779 3635 948 3701 982⁶
979 3635 1127 3713 23.)
1222 3634 1308 3698 Et
1350 3637 1649 3718 quoniam
1694 3633 2008 3698 Platonici
2052 3634 2272 3712 (δοκεῖ
2315 3672 2402 3685 -
2442 3654 2614 3700 τισιν
2654 3636 2774 3716 ὺ7)

573 3736 936 3803 universale
991 3757 1115 3822 pro
1145 3736 1522 3803 ,substantia
1580 3746 1938 3825 posuerunt
1992 3736 2110 3816 (cf.
2152 3738 2230 3803 Λ
2274 3740 2333 3802 1.
2383 3740 2593 3804 1069a
2630 3740 2775 3817 26),

683 3881 748 3951 1)
788 3886 969 3938 Errare
1006 3884 1348 3947 Aristotelem,
1388 3886 1527 3954 quod
1562 3884 1615 3936 in
1650 3885 1957 3939 conficienda
1989 3905 2083 3955 per
2115 3886 2304 3951 generis
2335 3886 2652 3956 partitionem
2688 3885 2777 3937 de-

571 3970 797 4021 finitione
829 3971 972 4021 iubet
1003 3970 1099 4038 τὴν
1133 3969 1231 4040 τῆς
1265 3969 1523 4041 διαφορᾶς
1557 3972 1821 4044 διαφορὰν
1855 3974 2209 4042 διαιρεῖσθαι,
2253 3971 2367 4024 satis
2409 3986 2485 4024 est
2525 3985 2776 4043 apertum3

574 4069 786 4125 potsunt
818 4055 968 4108 etiam
1003 4056 1311 4110 differentiae
1343 4058 1535 4127 plures,
1571 4077 1699 4127 quae
1733 4058 1800 4110 ad
1833 4059 2043 4111 eandem
2077 4059 2329 4129 pertinent
2358 4060 2617 4113 notionem
2651 4059 2777 4111 defi-

575 4141 835 4205 niendam,
878 4161 938 4194 ex
981 4142 1181 4196 diversis
1225 4143 1415 4210 generis
1460 4141 1710 4194 dividendi
1754 4141 2027 4196 rationibus
2070 4144 2249 4214 petitae
2285 4164 2390 4198 eae
2426 4159 2478 4199 et
2511 4160 2681 4199 tamen
2712 4145 2777 4197 ad

576 4226 911 4280 definiendam
943 4229 1201 4282 notionem
1236 4229 1442 4299 perinde
1479 4248 1584 4281 esse
1618 4228 1943 4292 necessariae,
1989 4250 2295 4299 quamquam
2338 4230 2505 4284 inter
2549 4251 2611 4284 se
2657 4250 2775 4283 sane

576 4312 945 4379 coniunguntur
980 4314 1118 4367 κατὰ
1158 4312 1492 4384 συμβεβηκός.
1563 4314 1665 4367 Sed
1700 4315 1740 4367 is
1775 4334 1913 4369 error
1945 4336 2104 4386 prope
2141 4317 2443 4369 necessarius
2479 4317 2686 4379 videtur,
2721 4329 2778 4366 ut

576 4418 634 4449 ex
667 4399 749 4452 illa
782 4399 1015 4453 materiae
1052 4414 1103 4452 et
1134 4402 1326 4454 ἔοι-ωηο
1362 4399 1672 4454 distinetione
1705 4400 1759 4453 id
1794 4402 1931 4472 quod
1966 4403 2086 4465 vult,
2120 4403 2362 4455 unitatem
2398 4401 2512 4455 dieo
2548 4401 2778 4464 notionis,
