3109 5175
545 361 692 438 234
1379 364 1450 435 A
1497 360 1568 435 6.
1652 359 1921 435 loma.

547 550 643 604 cta
691 561 826 604 cum
873 551 1005 604 nno
1049 538 1379 604 accidente
1435 546 1501 603 et
1554 538 1907 604 substantia
1958 536 2178 602 eadem
2224 541 2565 603 coniuncta
2611 559 2751 603 cmn

547 643 748 708 altero
780 641 1107 708 accidente
1149 640 1230 722 (ὁ
1276 635 1588 729 μουσικὸς
1618 641 1951 728 Κορίσκος
1989 642 2219 725 δικαίῳ
2246 642 2560 727 Κορίσκῳ
2594 645 2753 722 ⁸26,

546 751 692 832 quia
738 751 1068 833 utriusque
1113 749 1394 812 notionis
1440 746 1641 811 altera
1685 767 1833 831 pare
1880 745 2085 811 eidem
2127 750 2291 833 parti
2321 744 2506 810 alteri
2538 746 2754 812 inhae-

544 854 703 933 ret).
793 850 1022 936 Neque
1079 848 1201 915 alia
1246 853 1412 915 ratio
1457 858 1582 926 eet,
1639 852 1692 913 si
1736 844 1815 914 τὸ
1858 850 1929 913 ἓν
1971 844 2141 914 κατὰ
2186 846 2602 934 συμβεβηκός
2643 854 2757 915 tri-

545 954 757 1020 buitur
812 954 1190 1019 notionibus
1245 950 1742 1029 universalibue3
1798 973 1942 1016 nam
1994 957 2051 1018 si
2094 973 2287 1018 unum
2336 973 2476 1018 οδω
2523 953 2754 1019 dicitur

545 1054 908 1142 ἄνθρωπος
953 1068 1017 1122 et
1058 1050 1136 1121 τὸ
1178 1052 1511 1142 μουσικόν,
1555 1055 1625 1120 id
1666 1054 1769 1120 vel
1815 1067 2159 1144 propterea
2202 1056 2296 1134 fit,
2350 1057 2525 1142 quod
2569 1058 2755 1123 alteri

547 1162 809 1228 alterum
853 1169 1165 1247 tamquam
1199 1159 1507 1225 accidens
1566 1160 1885 1238 inhaeret,
1940 1162 2037 1243 τῷ
2079 1155 2422 1245 ἀνθρώπῳ
2466 1156 2544 1225 τὸ
2588 1183 2752 1245 μου-

545 1262 758 1343 aanor,
809 1264 912 1330 vel
958 1263 1133 1350 quod
1179 1278 1512 1349 utrumque
1556 1266 1725 1327 inest
1765 1267 1861 1330 rei
1907 1263 2155 1328 cuidam
2199 1262 2590 1341 individuae,
2644 1287 2754 1330 ve-

545 1369 662 1434 luti
706 1368 999 1447 Corisco‚
1043 1368 1307 1433 alterum
1354 1378 1426 1432 ut
1470 1385 1692 1456 genus,
1737 1362 2118 1455 ἄνθ-ρωπος,
2164 1366 2429 1431 alterum
2476 1379 2549 1432 ut
2592 1365 2753 1433 acci-

546 1472 704 1537 dens
750 1470 920 1553 (ἕξις
961 1464 1008 1552 ἢ
1049 1467 1280 1548 πάθος
1324 1473 1489 1550 1⁸34,
1547 1471 1779 1558 quibus
1830 1470 2165 1537 vocabulis
2209 1470 2608 1558 significatur
2644 1495 2753 1537 ac-

546 1574 795 1655 cidens,
851 1586 1163 1662 quatenus
1218 1574 1326 1640 vel
1377 1576 1671 1644 inhaeret
1717 1576 1983 1642 firmiter
2024 1574 2416 1651 substantiae
2459 1577 2564 1641 vel
2608 1598 2750 1641 eam

546 1680 759 1759 afficit,
807 1681 885 1745 cf.
916 1681 972 1746 A
998 1683 1103 1759 20,
1137 1682 1268 1760 21)
1311 1672 1389 1745 τὸ
1433 1677 1769 1764 μουσικόν.
1846 1678 2044 1766 Quod
2090 1682 2293 1766 ipsum
2336 1699 2542 1767 genus
2587 1703 2753 1764 σψ-

542 1785 749 1869 βῆναι
792 1784 1021 1850 dicitur
1066 1787 1125 1848 ei
1167 1786 1293 1863 rei,
1348 1805 1512 1870 quae
1554 1788 1777 1872 generi
1822 1796 1920 1849 est
1962 1784 2276 1862 subiecta,
2335 1784 2412 1849 cf.
2461 1805 2623 1870 quae
2667 1784 2750 1849 de

546 1888 1093 1954 diversa-notione
1123 1888 1306 1953 huius
1335 1886 1518 1953 verbi
1544 1887 2178 1977 Trendelenburgius
2208 1887 2506 1954 disseruit
2532 1888 2617 1954 de
2647 1911 2747 1953 an.

543 2018 606 2080 p.
639 1996 768 2060 186
810 2016 942 2081 sqq.
1032 1991 1338 2058 Ceterum
1395 2013 1557 2078 quae
1614 1993 1716 2057 hic
1760 1993 1843 2057 ad
1888 1986 1963 2059 τὸ
2007 1994 2077 2057 ἓν
2118 1986 2291 2056 κατὰ
2335 1990 2750 2078 συμβεβηκός

543 2099 930 2178 referuntur,
989 2096 1210 2163 eadem
1269 2106 1631 2162 enumerata
1678 2097 1944 2186 legimns
1990 2117 2125 2182 cap.
2166 2098 2204 2160 7
2252 2107 2319 2159 et
2361 2098 2433 2175 9,
2492 2095 2602 2161 ubi
2648 2117 2750 2161 ex-

542 2214 870 2288 ponuntur
924 2206 1224 2268 notiones
1279 2205 1399 2267 τοῦ
1447 2195 1642 2277 ὄντος
1686 2212 1753 2265 et
1794 2198 2055 2268 ταύτοῦ.
2101 2233 2188 2248 -—
2235 2201 2381 2288 ⁶25,
2413 2197 2623 2277 οἷον,
2666 2199 2747 2265 cf.

546 2306 629 2371 ad
672 2308 744 2370 A
789 2308 849 2371 4.
895 2305 1056 2373 9851·
1090 2308 1153 2371 6.

681 2410 778 2474 Ad
839 2421 1072 2475 textum
1130 2406 1642 2474 constituendum
1689 2405 1865 2492 quod
1908 2410 2136 2473 attinet
2184 2409 2382 2473 lom
2423 2407 2534 2472 18:
2588 2402 2749 2470 ταύ-

543 2508 664 2579 τὸν
717 2508 845 2599 γὰρ
903 2518 1103 2579 εἰπεῖν
1159 2513 1492 2598 Κορίσκος
1547 2511 1659 2577 καὶ
1711 2504 1790 2575 τὸ
1845 2507 2192 2597 μουσικόν,
2247 2513 2361 2575 καὶ
2413 2510 2750 2595 Κορίσκος

544 2613 871 2701 μουσικός,
914 2628 1066 2704 post
1107 2611 1421 2700 μουσικόν
1457 2638 1494 2681 e
1531 2619 1984 2682 commentario
2015 2615 2357 2682 Alexandri
2387 2639 2449 2702 p.
2481 2616 2629 2693 321,
2662 2616 2742 2680 17

548 2720 910 2787 addendum
968 2732 1065 2787 eet
1120 2725 1218 2799 ἕν,
1276 2719 1453 2806 quod
1511 2720 1593 2784 ad
1649 2723 2023 2785 sententiam
2078 2723 2443 2784 necessario
2486 2720 2749 2804 requiri-

549 2836 652 2890 tur
697 2837 763 2890 et
805 2848 880 2890 ex
923 2823 1361 2924 superioribus
1409 2824 1616 2889 verbis
1661 2826 1766 2889 vix
1823 2835 2040 2912 potest
2088 2827 2314 2910 repeti.
2400 2822 2535 2888 sed
2578 2823 2749 2887 idem

548 2932 617 2996 ἓν
662 2922 896 2996 deinde
941 2930 1127 2995 facile
1171 2929 1501 3016 suppletur
1551 2928 1634 2993 ad
1678 2927 1871 2993 verba
1914 2933 2194 3015 proxima
2239 2928 2353 2992 aemi
2392 2920 2472 2991 τὸ
2515 2948 2748 3011 μουσι-

545 3027 665 3098 κὰν
693 3036 804 3099 καὶ
833 3028 910 3099 τὸ
941 3036 1214 3099 δίκαιον.
1271 3037 1368 3100 Ex
1400 3032 1627 3097 eodem
1660 3037 2113 3100 commentario
2136 3028 2478 3099 'Alexandri
2510 3030 2749 3096 deinde

547 3148 694 3201 ante
753 3139 1005 3214 δίκαιος
1047 3137 1263 3202 addidi
1307 3138 1437 3200 καί.
1528 3137 1674 3200 Hoc
1719 3139 1885 3201 enim
1930 3137 2085 3202 dicit
2125 3134 2530 3203 Aristoteles:
2586 3133 2749 3199 nihil

548 3240 777 3319 differt,
823 3252 1029 3306 utrum
1075 3241 1247 3305 dicas
1293 3239 1628 3305 Coriscum
1675 3250 1741 3304 et
1786 3241 2204 3306 eruditionem
2249 3238 2417 3303 idem
2458 3260 2619 3317 esee,
2664 3259 2749 3302 an

548 3343 882 3410 Cor-iseum
928 3366 1067 3409 esse
1114 3344 1455 3422 eruditum,
1516 3354 1582 3410 et
1623 3357 1830 3410 utrum
1879 3345 2296 3409 eruditionem
2344 3354 2407 3407 et
2444 3345 2746 3409 iustitiam

547 3470 740 3514 unum
800 3470 937 3513 esse
995 3446 1254 3528 dixeriS,
1311 3472 1392 3513 au
1438 3448 1772 3515 Coriecum
1830 3450 2065 3514 dixeris
2120 3446 2433 3514 eruditum
2490 3458 2749 3512 esse-et

549 3552 820 3618 eundem
846 3556 1096 3619 iusttm.
1164 3554 1474 3618 Nimirum
1517 3550 1596 3618 τὸ
1641 3555 1711 3618 ἓν
1741 3547 1913 3619 κατὰ
1941 3547 2354 3636 συμβεβηκός
2382 3550 2542 3616 nihil
2572 3549 2747 3615 aliud

546 3658 879 3747 significet,
921 3660 1045 3722 nisi
1090 3659 1383 3724 accidens
1428 3657 1783 3743 praedicari
1828 3657 1910 3721 de
1956 3657 2265 3721 subiecto.

678 3763 763 3827 B.
857 3765 1061 3828 lolbb
1097 3763 1503 3828 36-1o16b
1544 3763 1624 3826 17
1673 3763 1752 3827 ἓν
1794 3758 1983 3826 καθ’
2023 3755 2246 3826 αὑτό.

678 3872 760 3946 α)
810 3868 1445 3932 1015b36-—10160
1476 3867 1552 3931 17
1596 3865 1667 3928 ὃν
1701 3863 1868 3931 καθ’
1909 3862 2073 3932 αὑτό
2112 3867 2379 3952 primum
2419 3863 2650 3928 dicitur
2678 3861 2746 3927 id

546 3970 721 4055 quod
761 3981 858 4033 est
895 3975 1387 4047 continuum,
1435 3973 1708 4054 συνεχές.
1776 3969 2172 4035 Continuam
2206 3970 2333 4033 hoc
2364 3968 2515 4034 loco
2547 3978 2612 4031 et
2640 3989 2749 4053 pa-

546 4076 700 4138 riter
738 4074 784 4137 Ι
820 4077 876 4138 l.
920 4077 1127 4141 1052a
1152 4078 1239 4140 20
1282 4074 1347 4139 id
1397 4094 1536 4138 esse
1583 4073 1754 4153 dicit,
1798 4079 1976 4141 cuius
2019 4084 2228 4140 motus
2272 4094 2395 4159 per
2432 4094 2502 4137 se
2533 4092 2611 4136 ac
2638 4093 2748 4136 ue·-

428 4266 441 4277 ·
548 4182 822 4243 cessario
871 4200 1031 4243 unus
1068 4182 1182 4256 eit,
1240 4181 1301 4243 h.
1335 4202 1388 4244 e.
1436 4177 1610 4264 quod
1655 4182 1741 4253 ita
1788 4178 2053 4257 coaluit,
2086 4188 2183 4241 ‘ut
2232 4196 2367 4241 non
2409 4180 2616 4263 possit
2658 4175 2749 4239 al·-

549 4294 682 4347 tera
730 4305 875 4368 pare
920 4287 1162 4348 moveri
1210 4294 1274 4348 et
1311 4284 1535 4348 eodem
1570 4294 1857 4370 tempore
1891 4283 2086 4348 altera
2117 4305 2264 4369 pare
2297 4295 2553 4346 extensa
2584 4274 2747 4365 (μό-

546 4407 691 4472 ριον
735 4388 881 4471 ἕχον
924 4390 1218 4473 μέγεθος
1264 4389 1428 4466 α16,
1486 4410 1570 4452 ne
1628 4391 1946 4475 cogitetur
2002 4387 2083 4452 de
2141 4387 2307 4455 linea
2358 4396 2534 4451 recta
2578 4387 2751 4449 circa

547 4510 740 4558 unum
795 4504 1099 4578 puuctum
1160 4495 1514 4558 consistens
1570 4495 1642 4558 in
1698 4492 1922 4559 orbem
1974 4490 2175 4574 lata)³
2208 4494 2557 4578 quiescere.
2654 4488 2749 4553 lta
