3109 5175
577 352 719 430 los
1398 358 1473 430 Β
1518 353 1591 429 6.
1672 353 1943 430 10026.

568 533 929 618 γίγνονται.
1014 529 1374 598 Illustratnr
1415 533 1577 599 haec
1616 542 1843 599 natura
1884 531 2225 620 planorum
2266 530 2575 600 linearum
2616 554 2778 621 pun-

572 647 848 715 ctorum,
904 638 1043 701 sine
1098 641 1514 726 generatione
1571 648 1635 703 et
1678 640 2093 725 corruptione
2139 659 2279 703 esse
2323 637 2430 704 vel
2472 641 2777 724 incipien-

569 742 724 806 tium
768 739 878 807 vel
921 739 1372 823 desinentium,
1418 740 1708 829 exemplo
1753 744 1876 809 τοῦ
1914 741 2062 819 νῦν,
2105 745 2406 809 momenti
2450 744 2777 829 temporis,

568 847 748 909 cuius
809 843 1031 910 eadem
1090 854 1189 911 est
1241 850 1312 912 in
1353 858 1645 934 tempore
1694 855 1886 933 atque
1926 845 2183 914 illorum
2228 850 2294 914 in
2338 850 2548 933 spatio
2592 848 2776 923 ratio,

570 947 651 1015 d.
696 948 890 1034 Phys.
934 949 1033 1015 lv
1079 951 1182 1016 13.

707 1053 916 1117 1⁰02«
952 1053 998 1118 8
1042 1056 1119 1118 οἱ
1162 1056 1309 1138 μὲν
1350 1056 1647 1121 πολλοὶ
1689 1056 1828 1121 καὶ
1872 1057 1951 1121 οἱ
1990 1050 2424 1143 πρότερον,
2479 1053 2777 1137 antiquis·

568 1156 764 1221 simos
795 1155 949 1223 dicit
975 1157 1423 1248 physiologos.
1449 1198 1540 1211 —
1574 1161 1711 1225 all
1759 1162 1835 1225 οὶ
1878 1155 1941 1225 δ’
1976 1153 2354 1247 ὕστερον,
2402 1157 2481 1224 cf.
2512 1155 2594 1224 ad
2625 1156 2689 1221 Z
2711 1156 2774 1221 2.

571 1260 787 1326 1028ι
827 1264 927 1327 15.
2432 1306 2445 1325 .

708 1366 913 1431 loma
936 1367 1020 1432 21
1069 1367 1387 1433 ἔνεστιν
1425 1366 1604 1454 quod
1640 1368 1917 1433 coniecit
1948 1365 2320 1432 Brandisius
2356 1387 2478 1455 pro
2513 1363 2778 1452 vulgata

569 1466 853 1534 lectione
896 1474 967 1536 ἔν
1010 1474 1150 1536 ἐστι
1190 1492 1326 1538 non
1370 1471 1655 1538 dubitavi
1698 1476 1766 1538 in
1811 1482 1986 1538 textu
2027 1471 2306 1537 scrihere
2344 1481 2598 1536 secutus
2629 1468 2778 1534 Ale-

569 1571 794 1638 xandri
823 1578 1363 1640 commentarium
1409 1571 1515 1641 ὅτι
1554 1571 1651 1661 μή
1695 1582 1831 1642 ἐστ
1845 1599 1921 1642 ιν
1963 1579 2047 1661 tv
2088 1584 2231 1653 τοῖς
2273 1571 2534 1660 σώμασι
2566 1576 2777 1639 ταῦτα

569 1686 654 1741 ot:
698 1671 804 1742 ὅτι
840 1681 925 1745 ἐν
959 1679 1058 1762 τῷ
1085 1674 1341 1764 σώματι
1376 1681 1603 1747 ἔστιν
1632 1677 1988 1746 ὁποιονοῦν
2017 1680 2256 1764 σχῆμα,
2289 1703 2353 1767 p.
2373 1680 2518 1759 186,
2543 1681 2646 1757 17,
2667 1679 2775 1743 20.

565 1779 868 1846 Eiusdem
920 1780 1262 1849 Alexandri
1319 1788 1682 1850 auctoritati
1737 1784 2081 1850 obsecutus
2138 1806 2304 1864 sum,
2361 1782 2539 1870 quod
2592 1783 2778 1848 omisi

566 1885 767 1950 verba
804 1877 851 1965 ἢ
887 1882 1115 1965 οὐθέν,
1160 1909 1325 1973 quae
1364 1897 1519 1975 post
1554 1891 1780 1974 σχῆμα
1816 1909 1855 1954 e
1889 1887 2089 1953 trihus
2128 1885 2318 1953 codd.
2346 1886 2442 1952 Ab
2455 1887 2630 1952 0⁶1⁶
2670 1884 2778 1950 ad·

567 1987 869 2056 diderunt
903 1990 1139 2057 Brand.
1188 2003 1254 2058 et
1290 1992 1645 2059 Bekkerus.
1721 1990 1824 2058 Ad
1867 1995 2415 2058 ratiocinationem
2460 1989 2573 2079 illa
2614 1988 2776 2056 nihil

566 2115 830 2181 prorsus
876 2095 1233 2175 conferunt,
1279 2102 1456 2163 cuius
1502 2097 1754 2185 quidem
1800 2100 2006 2162 omnis
2048 2100 2146 2162 vis
2182 2100 2252 2162 in
2288 2117 2370 2162 eo
2413 2104 2511 2161 est
2546 2096 2776 2183 posita,

567 2198 744 2284 quod
787 2201 1028 2286 pariter
1070 2221 1291 2266 omnes
1333 2200 1586 2290 figurae
1624 2206 1835 2268 inesse
1875 2205 2131 2289 corpori
2170 2210 2557 2277 asseruntur,
2599 2198 2775 2265 unde

569 2300 859 2380 efficitur,
904 2313 990 2381 ut,
1033 2325 1221 2389 quum
1268 2305 1576 2391 quaedam
1616 2328 1691 2371 ex
1729 2310 1805 2371 iis
1837 2309 2051 2372 inesse
2085 2316 2418 2394 negentur,
2467 2327 2541 2369 ea
2579 2324 2776 2391 nega·

566 2407 659 2470 tio
706 2403 788 2470 ad
833 2404 1110 2492 reliquas
1154 2411 1476 2495 pertineat
1516 2430 1759 2475 omues.
1898 2405 1923 2458 ⁶

703 2511 904 2575 100ἳό
936 2511 980 2575 3
1025 2508 1119 2577 οὐ
1166 2507 1317 2600 γὰρ
1369 2507 1465 2594 δὴ
1510 2509 1554 2595 ἥ
1600 2511 1658 2599 γ’
1700 2510 2187 2599 ἀδιαίρετος
2243 2506 2544 2599 στιγμὴ
2602 2513 2774 2605 διῃ-

566 2615 780 2704 ρέθη
828 2619 942 2692 εἰς
984 2611 1160 2695 δύο,
1203 2617 1261 2682 b.
1301 2638 1355 2683 e.
1415 2639 1625 2706 neque
1682 2622 1846 2683 enim
1890 2617 2049 2683 illud
2094 2621 2422 2705 quisquam
2465 2621 2773 2695 statuerit,

564 2723 655 2785 ita
684 2722 754 2786 in
786 2719 1152 2785 dirimendis
1182 2722 1560 2809 corporibus
1587 2722 1732 2788 fieri
1760 2721 2020 2811 planum
2049 2721 2156 2789 vel
2183 2721 2433 2800 lineam,
2467 2731 2540 2786 ut
2567 2724 2772 2808 ipsum

564 2833 869 2912 punctum
911 2823 1288 2903 dissecetur;
1329 2838 1427 2893 est
1463 2831 1632 2895 enim
1672 2837 1976 2915 punctum
2012 2847 2275 2913 prorsus
2310 2824 2725 2892 individuum.

1458 3075 1687 3150 CAP.
1747 3074 1880 3149 VI.

915 3223 1232 3303 Quaestio
1276 3225 1473 3291 tertia
1515 3226 1787 3292 decima.
1880 3228 2084 3293 100211
2123 3226 2424 3293 12-32.

699 3340 899 3428 Quod
943 3343 1072 3410 hoc
1111 3343 1263 3409 loco
1311 3348 1562 3430 quaerit
1602 3346 1775 3413 unde
1819 3345 2071 3413 tandem
2108 3347 2344 3413 factum
2380 3348 2480 3426 sit,
2522 3357 2593 3411 ut
2632 3345 2772 3431 phi-

562 3444 826 3535 Iosophi
868 3448 1151 3535 quidam,
1206 3452 1497 3514 nimirum
1542 3449 1730 3516 Plato
1778 3456 2039 3539 eiusque
2083 3462 2464 3530 sectatores,
2514 3460 2772 3539 praeter

562 3574 669 3618 res
712 3550 1044 3618 sensibiles
1087 3563 1155 3617 et
1198 3556 1665 3622 mathematicas
1710 3555 1834 3620 alia
1879 3553 2187 3642 quaedam
2226 3559 2567 3641 posuerint
2600 3559 2772 3643 prin-

565 3659 750 3744 cipia,
793 3656 860 3722 id
899 3677 1034 3722 non
1069 3663 1412 3745 proposuit
1444 3662 1512 3725 in
1548 3662 1866 3746 principio
1905 3657 2068 3739 libri,
2112 3659 2220 3725 ubi
2259 3658 2559 3748 singulas,
2606 3679 2769 3745 quae

564 3761 977 3827 excutiendae
1022 3774 1248 3841 essent,
1298 3760 1586 3851 ἀπορίας
1625 3762 1908 3828 breviter
1949 3766 2285 3828 recensuit.
2378 3766 2473 3828 Ac
2512 3762 2769 3829 videtur

563 3864 815 3951 quidem
862 3887 939 3930 ea
984 3870 1356 3952 quaestione
1401 3866 1822 3952 supersedere
1866 3870 2170 3954 potuisse,
2214 3889 2359 3933 nam
2405 3871 2770 3933 continetur

563 3967 1035 4055 quodammodo
1082 3972 1459 4056 quaestione
1503 3973 1753 4056 quinta,
1809 3992 1972 4056 quae
2026 3980 2126 4036 cst
2168 3970 2252 4036 de
2297 3971 2489 4036 rebus
2532 3972 2770 4036 mathe-

562 4074 804 4137 maticis
863 4083 928 4137 et
981 4071 1065 4136 de
1122 4071 1315 4154 ideis,
1371 4086 1437 4139 et
1486 4078 1860 4160 quaestione
1904 4097 2108 4154 noua,
2166 4098 2289 4163 qua
2345 4079 2769 4164 investigatur

564 4197 714 4240 num
770 4178 1081 4263 principia
1139 4176 1389 4265 singula
1445 4199 1712 4245 numero
1771 4181 1898 4243 sint
1952 4201 2082 4245 una
2137 4200 2219 4244 au
2263 4184 2498 4267 specie.
2587 4182 2768 4246 Facit

564 4290 774 4345 autem
802 4278 1083 4347 idearum
1113 4292 1407 4347 auctores
1435 4281 1607 4346 hunc
1634 4286 1700 4347 in
1731 4283 1992 4349 modum
2030 4294 2559 4373 argumentantes.
2634 4283 2769 4352 Co-

563 4388 770 4475 gnitio
811 4399 875 4451 et
907 4388 1172 4452 scientia
1205 4396 1277 4451 ut
1309 4390 1515 4472 possit
1549 4409 1707 4466 esse,
1749 4390 2056 4474 principia
2092 4391 2250 4475 poni
2287 4401 2563 4476 oportet,
2603 4413 2768 4476 quae

561 4488 815 4581 singula
842 4509 1109 4556 numero
1141 4493 1270 4556 sint
1297 4512 1454 4567 una3
1499 4496 1675 4580 atqui
1716 4514 1820 4559 res
1856 4494 2347 4575 mathematicae,
2390 4518 2547 4585 quas
2582 4516 2767 4585 prae-
