3109 5175
586 341 733 417 426
1431 347 1477 415 I
1517 342 1587 417 3.
1669 340 1939 416 105411.

587 518 809 585 eadem
842 527 993 584 sunt
1021 513 1192 583 κατὰ
1224 514 1301 584 τὸ
1337 512 1523 597 εἶδος,
1560 518 1622 584 h.
1647 541 1706 585 e.
1740 540 1859 606 per
1894 539 2031 584 eam
2066 517 2346 598 formam,
2388 540 2550 605 quae
2585 521 2789 606 ipsam

586 625 682 688 rei
724 625 1058 687 essentiam
1105 624 1458 701 constituit,
1514 621 1680 688 adeo
1729 634 1827 689 est
1869 625 2295 710 propinquum
2342 621 2565 709 ultimo
2609 622 2791 688 iden-

587 729 783 792 titatis
825 731 1084 815 generi,
1137 737 1211 792 ut
1262 729 1368 793 vix
1423 725 1547 791 alia
1606 730 1816 813 possis
1862 727 2147 821 exempla
2190 727 2449 807 afferre,
2508 729 2632 793 nisi
2678 726 2790 792 ubi

587 831 831 896 formae
871 829 1171 896 identitas
1202 840 1452 895 maneat
1477 834 1544 895 in
1578 830 1948 896 diversitate
1977 831 2458 921 magnitudinis3
2504 843 2570 896 et
2600 833 2794 917 aptia-

587 938 742 1001 sime
779 933 1028 1020 quidem
1065 956 1187 1019 pro
1222 933 1511 1021 exemplo
1548 934 1758 1000 attulit
1790 958 1973 1021 quam
2006 937 2431 1002 mathematici
2472 947 2792 1020 tamqnam

587 1039 908 1105 vocabulo
966 1042 1115 1104 artis
1167 1038 1639 1104 similitudinem
1699 1040 2041 1126 appellant.
2137 1042 2209 1106 ln
2270 1039 2473 1105 altero
2529 1059 2793 1127 genere,

586 1147 667 1211 ⁶7
688 1148 843 1224 -9‚
887 1165 1255 1231 quamquam
1293 1145 1519 1208 iterum
1560 1137 1639 1206 τὰ
1680 1140 1843 1209 αὐτὸ
1879 1142 2048 1221 εἶδος
2084 1145 2365 1231 requirit,
2406 1142 2536 1208 alio
2578 1154 2791 1207 tamen

589 1259 659 1316 et
697 1250 1003 1314 inferiore
1049 1247 1298 1334 quidem
1343 1268 1538 1311 sensu
1582 1249 1785 1333 accipi
1829 1242 1905 1313 τὸ
1952 1245 2125 1325 εἶδος
2161 1259 2429 1334 apparet
2462 1269 2539 1311 ex
2574 1244 2792 1311 verbis

589 1353 855 1419 adiectis
893 1354 1008 1417 1³8:
1052 1357 1123 1417 tv
1170 1347 1269 1427 οἷς
1310 1344 1388 1415 τὸ
1431 1352 1692 1435 μᾶλλον
1731 1353 1844 1416 καὶ
1887 1342 2105 1432 ἦττον.
2193 1350 2353 1416 Inde
2396 1353 2564 1415 enim
2610 1347 2795 1415 colli-

589 1461 793 1546 gimus
838 1478 974 1522 non
1018 1455 1084 1521 id
1131 1454 1399 1541 intelligi
1445 1448 1647 1531 εἶδος,
1695 1454 1870 1541 quod
1914 1459 2117 1542 ipsum
2165 1465 2262 1520 est
2304 1451 2503 1521 οὐσία
2541 1457 2666 1533 rei,
2706 1454 2795 1517 si-

590 1561 842 1649 quidem
889 1558 1084 1627 οὐσία
1127 1580 1261 1624 non
1307 1561 1535 1644 recipit
1576 1550 1655 1623 τὸ
1698 1560 1959 1643 μᾶλλον
2001 1562 2114 1625 καὶ
2155 1549 2385 1639 ἧττον,
2441 1558 2521 1622 cf.
2553 1556 2699 1624 Cat.
2728 1559 2793 1621 5.

587 1668 666 1732 3⁶
704 1668 810 1745 33,
853 1663 967 1730 sed
1014 1662 1376 1749 qualitatem
1424 1662 1723 1749 aliquam,
1769 1658 1963 1730 ποιόν
2005 1687 2069 1729 τι
2113 1666 2247 1727 sive
2289 1657 2551 1738 πάθοςε
2595 1660 2795 1748 quali-

591 1781 688 1836 tas
735 1773 931 1849 enim,
988 1791 1177 1854 quum
1225 1767 1447 1833 eadem
1490 1777 1770 1845 maneat,
1828 1766 2154 1832 crescendi
2212 1778 2423 1832 tamen
2468 1776 2534 1832 et
2577 1766 2796 1831 decre-

591 1872 815 1939 scendi
860 1883 956 1938 est
1000 1894 1211 1958 capax.
1303 1872 1388 1936 Et
1429 1874 1497 1936 in
1542 1870 1746 1935 altero
1789 1870 2048 1957 quidem
2091 1892 2331 1959 genere
2374 1869 2658 1936 eiusdem
2706 1868 2799 1933 af-

588 1978 889 2043 fectionis
945 1975 1110 2042 idem
1168 1978 1354 2041 etiam
1410 1972 1647 2063 gradus
1704 1978 2068 2061 requiritur,
2126 1979 2194 2040 in
2252 1978 2441 2040 tertio
2495 1974 2797 2039 sufficere

588 2080 868 2161 videtur,
929 2084 985 2146 si
1042 2081 1262 2146 eadem
1315 2079 1573 2144 affectio
1620 2081 1687 2142 in
1734 2078 1938 2145 altero
1984 2082 2315 2160 maiorem,
2370 2083 2682 2144 minorem
2725 2081 2793 2143 in

589 2185 796 2250 altero
843 2185 1073 2249 habeat
1115 2184 1398 2273 gradum.
1475 2182 1791 2261 (Distinxi
1825 2186 1955 2250 blo
2000 2194 2308 2249 commate
2352 2195 2503 2271 post
2546 2177 2797 2258 λευκόν,

591 2299 664 2355 ut
705 2297 1008 2376 appareat
1051 2288 1378 2374 quomodo
1424 2284 1622 2350 verba
1664 2288 2116 2376 coniungenda
2162 2292 2315 2353 sint:
2370 2283 2458 2352 τὰ
2503 2288 2572 2353 δὲ
2615 2288 2795 2369 λέγε-

590 2414 703 2456 ται
761 2388 993 2475 ὅμοια,
1050 2387 1169 2456 ἐὰν
1212 2382 1252 2481 ᾖ
1297 2385 1372 2456 τὸ
1418 2384 1584 2455 αὐτὸ
1627 2387 1860 2468 πάθος
1900 2396 2014 2459 καὶ
2056 2395 2126 2459 ἓν
2168 2395 2263 2475 τῷ
2318 2391 2471 2457 εἴδει
2526 2385 2797 2480 σφόδρα

591 2496 706 2560 καὶ
745 2484 966 2573 ἦττον,
1011 2487 1275 2575 οἷον,τὸ
1320 2488 1607 2574 λευκόν.)
1672 2493 1971 2582 Denique
2006 2493 2086 2561 ad
2122 2494 2563 2585 assignandam
2600 2492 2797 2558 rebus

589 2598 1068 2665 similitudinem
1125 2598 1391 2677 sufficit,
1447 2603 1503 2664 si
1557 2605 1914 2665 communia
1970 2601 2206 2666 habent
2246 2599 2427 2687 plura
2472 2620 2657 2685 quam
2701 2597 2799 2662 di-

591 2724 793 2781 versa,
837 2705 974 2768 sive
1020 2725 1095 2768 ea
1141 2706 1497 2768 communia
1542 2708 1879 2771 essentiam
1924 2715 2242 2792 spectant,
2288 2708 2422 2770 sive
2468 2701 2548 2767 ad
2595 2713 2798 2768 exter-

594 2826 768 2886 nam,
825 2827 987 2892 quae
1033 2810 1097 2872 iu
1144 2818 1446 2894 promptu
1490 2819 1614 2887 est,
1668 2811 1946 2896 speciem
1990 2812 2344 2894 pertinent,
2394 2800 2440 2887 ἢ
2482 2805 2708 2883 ἁπλῶς
2751 2801 2797 2886 ἢ

595 2908 680 2975 τὰ
721 2906 1037 2997 πρόχειρα
1078 2914 1225 2977 ὸ12.
1293 2912 1368 2977 In
1415 2912 1703 2998 exemplo
1735 2923 1942 2978 autem
1975 2911 2150 3000 quod
2179 2913 2367 2977 affert
2397 2933 2584 2997 quum
2617 2930 2802 2995 pror-

595 3036 706 3079 sus
749 3014 959 3092 lateat,
1004 3037 1126 3100 qua
1172 3014 1421 3081 demum
1467 3021 1718 3082 ratione
1762 3016 2087 3102 plumbum
2132 3015 2344 3082 album
2389 3036 2545 3080 auro
2591 3013 2799 3080 simile

597 3139 739 3182 esse
784 3116 1115 3195 iudicetur,
1158 3119 1349 3183 verba
1401 3115 1442 3199 ἢ
1468 3122 1691 3204 χρυσῷ
1734 3119 1981 3200 seclusi,
2025 3124 2389 3207 praesertim
2427 3141 2616 3206 quum
2650 3118 2795 3184 Ale-

594 3219 898 3288 xandrum
931 3241 1008 3286 ea
1039 3242 1173 3286 non
1202 3222 1496 3288 habuisse
1527 3225 1592 3287 in
1627 3234 1805 3288 textu
1836 3236 2141 3311 appareat
2166 3247 2229 3310 p.
2249 3227 2397 3304 589,
2426 3226 2529 3291 14.
2589 3222 2800 3288 Aliam

596 3324 728 3391 loci
773 3324 1278 3392 emendationem
1324 3337 1713 3393 tentaveram
1759 3327 1919 3395 Obs.
1966 3353 2029 3416 p.
2067 3331 2212 3394 103.

733 3431 936 3495 10540
972 3431 1057 3495 13
1103 3425 1304 3497 ὥστε
1355 3468 1435 3484 -
1485 3432 1568 3496 14
1614 3433 1955 3515 λέγεται.
2032 3434 2378 3520 Exspectes
2417 3453 2491 3497 ex
2526 3433 2622 3496 his
2660 3453 2803 3496 ver-

597 3533 697 3598 bis
745 3534 855 3599 Ar.
903 3544 1232 3620 utramque
1278 3546 1344 3601 et
1387 3534 1719 3600 alteritatis
1762 3539 1857 3615 (si
1902 3534 2053 3601 licet
2094 3538 2183 3599 ita
2228 3536 2620 3603 Graecorum
2664 3539 2804 3600 ἐτε-

596 3634 847 3723 ρότητα
891 3641 1332 3723 interpretari)
1392 3650 1457 3703 et
1511 3638 2035 3706 dissimilitudinis
2085 3643 2413 3705 notionem
2460 3637 2803 3725 explicatu-

595 3763 766 3819 rum,
826 3739 941 3806 sed
987 3745 1218 3806 omissa
1263 3742 1785 3809 dissimilitudinis
1833 3747 2132 3823 notione,
2186 3745 2459 3809 fortasse
2502 3746 2649 3829 quia
2693 3765 2806 3829 pe-

597 3844 824 3909 culiari
881 3844 1306 3932 explicatione
1360 3868 1494 3912 non
1553 3847 1888 3913 videbatur
1944 3867 2166 3936 egere,
2225 3846 2305 3912 ab
2356 3845 2673 3912 alteritate
2716 3846 2804 3911 ad

597 3946 1028 4014 diversitatem
1073 3953 1209 4015 sive
1254 3950 1693 4031 differentiam,
1739 3972 1903 4038 quae
1948 3971 2088 4017 cum
2134 3973 2210 4016 ea
2252 3953 2539 4037 proxime
2573 3950 2805 4016 cohae-

559 4059 565 4064 '
597 4060 713 4129 ret,
759 4055 981 4117 transit
1018 4055 1166 4119 b23.

731 4161 810 4235 c)
857 4158 1057 4222 105⁴st
1099 4159 1385 4223 14-22
1430 4151 1520 4222 τὸ
1569 4162 1848 4242 ἕτερον
1888 4161 2028 4223 aive
2084 4153 2174 4222 τὸ
2230 4151 2449 4222 ἄλλο.
2540 4159 2655 4238 (In
2702 4179 2807 4222 ex-

600 4258 894 4345 plicanda
952 4260 1071 4325 hac
1114 4259 1559 4346 disputationis
1600 4270 1785 4346 parte
1826 4260 2189 4327 Alexander
2228 4262 2567 4327 manifesto
2612 4284 2650 4326 a
2695 4282 2806 4327 ve·

599 4365 787 4428 ritate
832 4367 1108 4443 recessit,
1153 4362 1391 4450 duplici
1436 4364 1730 4430 inductus
1774 4387 2010 4445 errore,
2055 4369 2320 4451 primum
2366 4365 2539 4452 quod
2585 4365 2810 4431 distin-

601 4470 716 4555 gui
769 4469 935 4532 iuter
989 4488 1059 4533 se
1115 4469 1364 4554 putavit
1421 4469 1500 4534 ab
1548 4471 1657 4535 Ar.
1702 4462 1780 4537 τὸ
1825 4465 1990 4536 ἄλλο
2049 4480 2113 4534 et
2171 4466 2248 4535 τὸ
2305 4474 2554 4556 ἕτερον,
2612 4492 2807 4556 quum
