3109 5175
1121 376 1201 450 A
1243 374 1316 450 9.
1389 374 1623 450 9921».
2326 375 2463 451 121

255 549 368 617 les
405 558 690 617 statuant
731 558 1021 637 oportet,
1075 553 1143 617 in
1183 572 1325 639 qno
1371 562 1438 618 et
1480 552 1869 618 arithmetica
1911 561 1977 618 et
2016 550 2301 639 reliquae
2326 552 2467 619 dis·

269 654 545 742 eiplinae
585 654 1060 720 mathematicae
1105 651 1231 736 (τὰ
1272 653 1520 740 μεταξὺ
1547 653 1871 741 λεγόμενα
1904 658 2049 735 ὗ29,
2094 657 2172 721 uf.
2205 660 2266 722 6.
2296 660 2468 724 987⁶

268 761 398 839 15>
441 770 793 824 versentur.
881 758 1014 824 Sed
1069 759 1398 845 quomodo
1449 773 1517 825 et
1557 760 1787 847 quibus
1830 782 1869 825 e
1910 763 2231 847 principiis
2274 782 2469 848 gene·

265 871 446 927 ratae
489 873 796 949 putentur
831 865 992 929 istae
1036 884 1137 927 res
1180 863 1444 929 mathesi
1489 864 1827 944 subiectae,
1874 863 1983 928 vel
2027 867 2131 949 qui
2180 864 2483 930 dicantur-

265 964 516 1030 mediae
561 987 703 1031 esse
747 968 914 1030 inter
946 986 1052 1031 res
1088 964 1439 1044 sensibiles,
1481 967 1615 1031 τῶν
1648 967 1856 1049 δεῦρο,
1900 977 1966 1031 et
1999 964 2193 1045 ideas,
2235 965 2468 1046 αὐτῶν,

266 1067 535 1134 difficile
568 1073 646 1134 iis
686 1072 808 1134 erit
845 1067 1075 1134 dicere.
1142 1068 1384 1154 (Quod
1420 1072 1490 1133 in
1523 1079 1701 1135 textu
1729 1072 1857 1135 1³29
1896 1091 2029 1134 non
2069 1067 2291 1146 a‘mzaezc
2326 1093 2469 1136 cum

264 1172 572 1237 Bekkero
605 1171 770 1248 dedi,
813 1170 928 1236 sed
955 1166 1003 1235 a*
1035 1173 1191 1249 πῶς,
1227 1194 1347 1237 nec
1377 1173 1681 1238 librorum
1712 1172 1849 1238 fide
1879 1172 2246 1238 destitutum
2274 1185 2374 1238 est
2404 1186 2475 1240 et

262 1296 384 1362 per
413 1278 772 1340 sententiae
797 1279 1104 1339 rationem
1137 1280 1560 1341 necessarium
1590 1276 1941 1352 videbitur3
1977 1276 2128 1362 quid
2160 1288 2258 1343 est
2286 1282 2471 1358 enim,

263 1380 444 1466 qood
489 1401 593 1444 res
635 1379 1100 1443 mathematicas
1145 1378 1659 1465 simpliciter,
1702 1376 1953 1460 ἁπλῶς,
1997 1379 2236 1458 medias
2279 1381 2471 1447 Plato

263 1488 566 1570 posuisse
609 1481 892 1547 dicatur?
964 1482 1048 1546 Et
1091 1505 1126 1546 a
1172 1481 1478 1569 particula
1521 1477 1586 1562 ἥ,
1630 1474 1676 1562 ἦ
1719 1488 1789 1547 ὲκ
1830 1485 2027 1549 τίνων
2068 1486 2228 1562 κτλ,
2278 1506 2469 1571 quum

264 1588 467 1652 ordiri
523 1585 732 1651 soleat
783 1584 1050 1649 alterum
1102 1587 1490 1671 quaestionis
1536 1584 1870 1671 bipartitae
1912 1587 2288 1669 membrum,
2344 1590 2475 1655 boo

263 1690 522 1777 quidem
559 1689 710 1754 loco
748 1691 850 1753 vix
887 1687 1131 1767 dixeriS,
1166 1687 1352 1773 quale
1388 1690 1473 1752 sit
1500 1688 1660 1753 illud
1691 1691 1866 1775 prius
1895 1690 2254 1770 membrum,
2297 1693 2470 1779 quod

259 1795 415 1859 huie
469 1793 651 1858 alteri
709 1803 858 1878 apte
913 1791 1439 1877 praeponendum
1496 1803 1725 1877 putes.·
1778 1794 2138 1859 Praeterea
2191 1795 2470 1862 futurum

260 1900 452 1964 ἔσται
507 1895 936 1983 recipiendum
996 1904 1061 1959 et
1116 1895 1450 1960 arfiwlum
1492 1892 1581 1960 τά
1621 1906 1771 1962 ante
1815 1918 1957 1961 voc.
2002 1895 2247 1980 μεταξύ
2291 1904 2477 1965 omit-

261 2000 527 2066 tendum
575 1998 954 2065 esse‘docui
998 2002 1062 2062 in
1101 1998 1267 2064 obs·
1314 2021 1379 2084 p.
1416 2002 1503 2064 65
1550 2004 1687 2085 sq.)
1736 2039 1814 2053 —-
1878 2001 2042 2065 Tum
2086 2000 2225 2065 aliis
2269 2004 2475 2088 impli-

262 2115 496 2170 cantur
531 2104 1011 2170 difficultatibus
1043 2101 1373 2180 Platonici,
1415 2103 1589 2188 quod
1621 2101 1893 2188 dyadem
1924 2102 2315 2169 indefinitam
2347 2127 2475 2192 pro

259 2208 576 2274 materiali
620 2228 1028 2273 numerorum
1068 2208 1381 2292 principio
1417 2216 1688 2291 ponunt.
1751 2207 1878 2271 Ista
1910 2209 2083 2270 enim
2118 2205 2279 2293 dyas
2315 2231 2474 2295 quo—-

262 2315 432 2377 niam
483 2330 558 2376 ex
593 2310 840 2375 duabus
874 2313 1277 2396 componitur
1303 2309 1671 2387 unitatibus,
1719 2320 1785 2374 et
1819 2310 1978 2396 dyas
2008 2313 2144 2396 ipsa
2174 2315 2473 2399 principii

266 2414 416 2481 loeo
449 2418 728 2501 ponitur,
767 2435 899 2478 non
930 2413 1054 2477 bae
1089 2418 1377 2492 unitates,
1424 2435 1820 2498 consequens
1859 2417 1992 2492 erit,
2034 2417 2091 2478 si
2121 2436 2275 2479 suae
2302 2420 2474 2502 ipso-

263 2540 401 2583 mm
436 2522 670 2583 rationi
703 2527 996 2582 constare
1030 2518 1366 2597 volueriut,
1396 2529 1469 2583 ut
1499 2516 1681 2582 aliam
1716 2538 1976 2604 eamque
2004 2522 2282 2605 priorem
2316 2519 2474 2606 dya-

266 2622 409 2688 dem
461 2625 844 2708 principium
888 2643 1030 2686 esse
1065 2623 1294 2686 ‘barum
1337 2627 1645 2687 unitatum
1691 2632 1997 2696 statuant3
2055 2629 2474 2706 quamratio-

265 2747 410 2791 nem
461 2726 644 2791 facile
691 2737 958 2812 apparet
1000 2728 1064 2789 in
1109 2725 1421 2792 infinitum
1466 2747 1662 2812 posse
1707 2723 1980 2790 extendi.
2056 2726 2140 2789 Et
2180 2725 2475 2792 indefini-

265 2840 387 2895 tam
440 2829 694 2916 quidem
740 2828 1016 2914 dyadem
1061 2829 1404 2917 significari
1449 2850 1644 2916 quum
1692 2827 1845 2891 dicit
1880 2832 1951 2892 ἐν
1986 2826 2293 2915 τῆδυάὸι
2326 2833 2472 2908 ὸ31,

266 2954 402 2998 non
448 2954 780 2998 numerum
823 2932 1160 3011 binarium,
1210 2931 1360 2997 inde
1403 2934 1817 3021 cognoscitur
1859 2931 2034 3017 quod
2076 2935 2473 3019 principium,

269 3036 442 3101 unde
485 3040 619 3102 eius
660 3038 934 3100 unitates
973 3039 1174 3121 repeti
1214 3047 1527 3122 oporteat,
1574 3039 1924 3122 priorem
1970 3034 2280 3122 quandam
2320 3035 2474 3122 dya-

269 3139 414 3204 dem
465 3162 603 3204 esse
650 3138 822 3215 dicit,
864 3141 1151 3203 nimirum
1198 3144 1475 3225 priorem
1520 3144 1662 3227 ipso
1705 3142 2038 3226 principio.
2126 3139 2472 3204 Manifesta

270 3254 481 3308 autem
530 3246 820 3307 iniuriam
865 3242 1122 3307 Platoni
1166 3242 1359 3308 infert
1400 3244 1809 3320 Aristoteles,
1865 3242 2041 3329 quod
2091 3244 2475 3308 matbemati-

270 3369 405 3428 cam
467 3345 789 3411 dualitatis
845 3349 1175 3412 notionem
1232 3346 1491 3412 adhibet
1548 3346 1629 3412 ad
1674 3345 2001 3411 ferendum
2046 3347 2346 3412 iudicium
2391 3349 2474 3413 de

163 3524 170 3530 v
273 3471 344 3513 ea
393 3448 640 3534 dyade,
697 3470 816 3533 qua
875 3449 1031 3513 nihil
1088 3449 1260 3515 aliud
1305 3453 1429 3515 nisi
1472 3449 1753 3539 augendi
1799 3449 2315 3535 diminuendique
2359 3473 2475 3538 po-

271 3557 532 3617 tentiam
582 3552 765 3617 Plato
821 3553 1184 3641 significare
1239 3556 1477 3634 voluit,
1534 3555 1614 3618 cf.
1660 3551 1741 3616 ad
1788 3555 1847 3615 6.
1894 3554 2056 3618 987ῠ
2090 3555 2192 3630 20,
2235 3557 2341 3618 25.
2384 3589 2473 3606 -ι

271 3655 528 3722 Deinde
572 3658 779 3734 (9920
807 3660 885 3736 1)
929 3677 1121 3742 quum
1166 3656 1329 3723 ideis
1374 3658 1645 3747 singulis
1687 3659 1894 3720 unitas
1938 3666 2205 3721 naturae
2241 3658 2475 3723 tribua·

272 3768 408 3838 tur,
465 3763 787 3845 quaeritur
841 3762 1168 3845 quomodo
1215 3762 1438 3828 eadem
1483 3765 1690 3826 unitas
1736 3771 2030 3825 cernatur
2072 3761 2135 3824 iu
2182 3765 2475 3841 numeria,

275 3867 644 3949 compositis
701 3866 991 3928 nimirum
1051 3886 1126 3928 ex
1183 3866 1527 3930 unitatibus
1586 3864 1873 3952 pluribus
1928 3867 2130 3949 iisque
2184 3868 2350 3930 inter
2404 3887 2477 3931 se

277 3964 560 4030 diversis.
609 3966 688 4031 cf.
727 3970 817 4032 H
843 3971 906 4033 3.
946 3969 1154 4033 lona
1175 3971 1394 4033 2-9,
1435 4006 1538 4052 -.
1568 3970 1867 4054 Denique
1910 3971 1963 4031 si
2009 3966 2291 4034 diversas
2336 3989 2477 4034 esee

275 4067 597 4148 volebant,
646 4092 720 4135 ex
760 4071 987 4157 quibus
1023 4074 1268 4136 numeri
1301 4071 1542 4137 ideales
1578 4075 1965 4150 exsisterent,
2011 4076 2298 4150 unitates,
2340 4093 2477 4137 non

277 4175 472 4257 ipsam
518 4178 854 4251 unitatem,
911 4195 1076 4260 quae
1129 4185 1438 4260 tamquam
1484 4174 1856 4240 universalis
1898 4178 2082 4240 notio
2127 4175 2207 4239 ad
2254 4195 2476 4240 omnes

279 4276 576 4354 refertur,
633 4278 746 4343 sed
805 4277 947 4342 illas
1004 4276 1395 4344 differentias
1447 4300 1569 4366 pro
1626 4282 1949 4366 principiis
1992 4299 2239 4365 ponere
2284 4277 2477 4343 debe-

279 4376 447 4444 bant.
523 4381 908 4468 Loquuntur
948 4391 1156 4447 autem
1203 4381 1518 4448 Platonici
1560 4382 1648 4448 de
1689 4387 1949 4461 unitate,
1994 4386 2170 4468 quasi
2217 4402 2340 4450 uua
2376 4402 2479 4446 ea-

277 4480 546 4570 demque
590 4488 674 4549 sit
717 4488 852 4550 eius
893 4497 1139 4552 natura.
1223 4486 1412 4572 Quae
1455 4489 1510 4552 si
1557 4496 1727 4552 esset
1767 4508 1916 4552 vera
1960 4507 2181 4554 eorum
2226 4495 2477 4551 senten-
