3109 5175
1139 381 1216 452 A
1265 378 1334 451 5.
1410 377 1639 454 986³.
2406 381 2505 457 79

279 551 455 618 haud
503 555 592 618 ita
642 552 939 639 frequens
983 553 1447 620 vehementiam
1489 554 1744 620 videtur
1773 555 2095 641 ‘quandam
2139 556 2502 645 significare

279 656 804 742 concupiscendi,
853 656 929 720 cf.
962 656 1208 723 Herod.
1237 657 1298 722 11
1343 659 1491 724 102.
1534 660 1766 725 11172.
1812 659 1936 724 v11
1968 663 2115 726 161.
2165 662 2318 727 VIII
2350 665 2499 728 143.

275 758 444 824 Plat.
477 759 750 824 Phaedr.
782 761 985 826 2483.
1046 760 1373 827 Phaedon.
1416 764 1538 827 117
1553 784 1611 826 a.
1668 764 2009 849 Hipparch.
2041 764 2249 830 22611.
2309 767 2499 831 Arist.

278 861 360 928 de
404 862 625 927 mund.
673 866 734 928 5.
780 866 942 929 396⁶
982 867 1018 929 7
1070 875 1135 930 et
1178 864 1259 929 ad
1306 868 1383 930 N
1408 868 1467 931 3.
1518 869 1722 942 109012
1757 869 1864 933 31.
1931 866 2091 933 Inde
2135 866 2328 933 verba
2362 870 2501 934 Ari-

278 966 533 1031 stotelis
580 968 751 1033 hunc
779 972 845 1033 in
875 967 1130 1033 modum
1164 968 1462 1034 videntur
1493 968 1866 1055 explicanda
1901 992 2067 1036 esse:
2111 972 2313 1037 sicubi
2345 971 2500 1058 quid

278 1069 777 1151 desideraretur,
805 1071 1106 1137 addendo
1140 1073 1572 1159 (προσεγλ.)
1604 1073 1667 1139 id
1701 1074 1959 1140 efficere
1990 1078 2346 1142 enixissime
2370 1086 2499 1142 stu·

276 1172 574 1253 duerunt,
620 1187 692 1240 ut
724 1179 1016 1241 universa
1051 1174 1132 1241 de
1164 1180 1440 1242 numeris
1471 1175 1822 1262 disputatio
1854 1200 1930 1243 ac
1960 1179 2252 1245 doctrina
2288 1186 2498 1266 (πρα-

274 1280 589 1361 γματεία,
647 1279 727 1345 cs.
774 1279 855 1344 ad
901 1283 962 1344 6.
1010 1282 1179 1346 987α
1215 1284 1344 1361 3θ)
1387 1280 1671 1368 perfecta
1715 1304 1859 1346 esse
1904 1294 1971 1348 et
2026 1283 2149 1350 sibi
2203 1295 2498 1349 constare

276 1380 620 1447 videretur.
700 1382 1034 1449 Eiusmodi
1078 1387 1456 1472 ingeniosae
1501 1384 1774 1450 levitatis
1806 1386 2156 1473 exemplum
2188 1388 2362 1474 quod
2394 1387 2499 1452 hic

277 1484 539 1551 adhibet
585 1486 666 1551 de
712 1487 1124 1552 antichthone
1168 1487 1487 1574 placitum,
1530 1487 1700 1553 idem
1747 1504 2198 1558 commemorat
2242 1491 2494 1577 quidem

276 1588 356 1654 de
402 1589 598 1656 coelo
645 1590 706 1655 11
759 1593 858 1656 13.
904 1593 1075 1657 293α
1111 1594 1225 1658 23:
1283 1594 1375 1657 ἔτι
1419 1588 1479 1655 δ’
1518 1595 1830 1659 ἐναντίαν
1877 1587 2088 1674 ἄλλην
2131 1590 2332 1685 ταύτῃ
2374 1617 2497 1660 κα-

276 1689 751 1773 τασκευάζουσι
793 1694 946 1777 γῆν,
992 1689 1080 1775 ἢν
1122 1692 1503 1779 ἀντίχθονα
1546 1688 1765 1779 ὄνομα
1807 1698 2150 1776 καλοῦσιν,
2208 1695 2290 1765 οὐ
2330 1692 2497 1781 πρὸς

274 1791 356 1860 τὰ
402 1791 785 1884 φαινόμενα
830 1792 984 1875 τοὺς
1027 1794 1266 1883 λόγους
1308 1800 1419 1864 καὶ
1465 1791 1589 1875 τοὶς
1633 1802 1852 1875 αἰτίας
1895 1800 2264 1880 ζητοῦντες,
2321 1793 2495 1867 ἀλλὰ

275 1895 443 1985 πρός
484 1923 674 1977 τινας
716 1896 953 1984 λόγους
1002 1904 1115 1967 καὶ
1162 1898 1362 1981 δόξας
1406 1898 1623 1968 αὑτῶν
1665 1896 1752 1968 τα
1796 1898 2174 1992 φαινόμενα
2215 1906 2495 1990 προσέλ-

274 2024 497 2079 κοντες
540 2004 653 2068 καὶ
698 1999 1084 2087 πειρώμενοι
1129 2014 1536 2088 συγκοσμεῒν.
1629 2004 1760 2070 Sed
1805 2005 1981 2092 quod
2025 2003 2492 2093 ἀκριβέστερον

277 2128 345 2170 se
389 2107 548 2171 alibi
593 2106 677 2170 de
723 2128 799 2170 ea
844 2130 917 2171 re
964 2111 1333 2194 exposuisse
1381 2108 1537 2173 dicit
1574 2110 1729 2185 «112,
1775 2130 1908 2173 uon
1944 2119 2164 2194 potest
2197 2110 2490 2196 profecto

276 2211 442 2275 hunc
488 2210 701 2275 locum
743 2214 1097 2297 respicere,
1142 2211 1255 2277 sed
1303 2218 1518 2297 potius
1566 2233 1680 2276 eos
1726 2212 1952 2291 libros,
1997 2234 2160 2297 quos
2206 2214 2492 2303 singilla-

276 2316 378 2378 tim
425 2336 573 2380 eum
620 2312 703 2378 de
749 2315 1304 2403 Pythagoreorum
1364 2315 1654 2380 doctrina
1711 2317 2167 2401 conscripsisse
2224 2327 2492 2384 testatur

278 2417 450 2482 Alex.
501 2441 564 2504 p.
596 2419 701 2496 31,
743 2420 800 2483 1.
862 2421 966 2498 56,
1003 2422 1106 2485 10.
1161 2418 1437 2484 Brandis
1469 2418 1705 2486 Gesch.
1741 2420 1788 2485 1.
1830 2443 1893 2506 p.
1928 2422 2187 2485 439aa.
2252 2420 2356 2487 Cf.
2406 2422 2490 2487 de

275 2522 686 2588 antichthone
732 2521 901 2589 Asel.
947 2546 1009 2611 p.
1043 2524 1205 2590 5411»
1241 2525 1305 2589 2.
1372 2521 1593 2611 simpl.
1641 2547 1704 2611 p.
1740 2525 1908 2591 505«
1948 2527 2053 2591 41.
2123 2524 2395 2591 mandis
2440 2511 2489 2591 1'.

277 2649 337 2711 p.
366 2629 451 2693 47
459 2630 497 2693 7
515 2651 617 2692 cc.
2159 2622 2172 2639 ⁸

402 2732 576 2797 98611
617 2730 701 2796 13
760 2725 932 2796 ἀλλ’
976 2720 1072 2796 οὗ
1114 2723 1209 2811 δὴ
1257 2725 1498 2816 χάριν
1548 2769 1628 2783 -
1675 2734 1760 2798 21
1807 2727 1948 2798 τὸν
1992 2726 2191 2797 ὅλον
2234 2728 2488 2817 οὐρα-

276 2829 431 2900 νόν.
503 2835 849 2921 Descripta
882 2835 1350 2922 Pythagoricae
1396 2833 1729 2900 doctrinae
1771 2856 2027 2913 summa,
2072 2846 2144 2900 ut
2186 2834 2338 2899 inde
2383 2857 2490 2900 co-

277 2949 624 3025 gnoscatur
668 2959 796 3026 quo
842 2940 969 3002 sint
1012 2935 1110 3002 illi
1156 2959 1383 3003 causae
1427 2960 1666 3027 genere
1711 2941 1837 3015 usi,
1882 2960 2196 3025 apparere
2241 2941 2329 3002 ait
2372 2938 2485 3002 Ar.

279 3061 387 3106 eos
429 3052 694 3129 putasse
729 3034 848 3107 τὸν
877 3035 1183 3125 ἀριθμὸν
1216 3034 1428 3129 ἀρχὴν
1465 3038 1633 3107 εἶναι
1662 3039 1751 3117 ὥς
1778 3038 1942 3121 ὕλην
1971 3052 2111 3118 τοῖς
2140 3031 2293 3108 οὖσι
2326 3060 2362 3096 a
2380 3043 2483 3107 17.

277 3144 360 3209 At
388 3146 805 3233 Pythagorei,
848 3146 985 3208 sive
1029 3166 1067 3208 e
1109 3149 1386 3211 numeris
1430 3155 1728 3210 constare
1763 3167 1971 3211 rerum
2009 3148 2483 3211 universitatem

278 3246 645 3326 docuerunt,
688 3249 850 3313 9861»
875 3250 931 3325 7,
976 3251 1113 3312 sive
1142 3247 1221 3313 ad
1254 3246 1726 3313 similitudinem
1765 3270 2171 3315 numerorum
2209 3248 2482 3313 effictam

279 3372 431 3432 esse,
474 3355 537 3418 6.
568 3354 730 3418 987⁶
758 3353 858 3428 11,
904 3372 1089 3436 quam
1134 3351 1474 3416 verborum
1518 3355 1742 3437 potius
1785 3376 1969 3440 quam
2001 3356 2095 3418 rei
2127 3354 2323 3438 ipsius
2359 3351 2486 3417 dis-

279 3458 662 3541 crepantiam
720 3475 863 3519 esse
919 3453 1088 3520 bene
1147 3454 1445 3541 explicuit
1486 3454 1703 3521 Zeller
1745 3456 1793 3522 l.
1838 3480 1899 3543 p.
1944 3459 2069 3522 100
2112 3478 2277 3541 sqq.,
2331 3477 2484 3541 pro-

279 3556 445 3624 fecto
492 3580 628 3624 non
671 3560 993 3623 materiam
1039 3579 1246 3624 rerum
1293 3580 1330 3623 e
1374 3561 1655 3624 numeris
1694 3564 2102 3646 repetierunt,
2146 3558 2259 3623 sed
2305 3558 2482 3644 quod
2563 3640 2575 3657 ο

278 3662 732 3749 contemplanti
779 3664 1135 3728 universam
1179 3663 1366 3727 huius
1413 3661 1746 3727 doctrinae
1779 3662 2060 3728 indolem
2097 3680 2232 3727 uon
2264 3671 2483 3748 potest

280 3762 533 3832 dubium
579 3767 810 3844 videri,
857 3777 1087 3831 certam
1136 3777 1200 3831 et
1235 3766 1601 3832 distinctam
1647 3766 2035 3855 singularum
2080 3788 2288 3832 rerum
2333 3787 2482 3853 qua-

278 3865 514 3935 litatem
557 3872 836 3936 numeris
884 3869 1134 3935 definiri
1179 3870 1305 3956 sihi
1350 3881 1823 3956 persuaserunt.
1896 3869 2272 3935 Aristoteles
2305 3891 2481 3947 vero,

281 3993 395 4057 qua
455 3984 554 4039 est
609 3978 677 4038 in
736 3973 1094 4039 iudicandis
1141 3973 1409 4040 aliorum
1454 3974 1985 4061 philosophorum
2031 3974 2282 4060 placitis
2326 3973 2483 4039 levi·

282 4084 401 4142 tate
445 4077 555 4158 (cf.
597 4076 679 4142 ad
710 4079 772 4143 3.
803 4079 973 4143 984a
1000 4079 1085 4158 7),
1130 4081 1427 4165 qnoniam
1472 4082 1746 4143 inesse
1791 4077 1981 4144 rebus
2026 4098 2324 4143 numeros
2371 4099 2482 4141 eo-

280 4198 490 4245 rumve
519 4183 830 4267 principia
862 4180 1258 4270 Pythagorei
1290 4181 1600 4261 dixerunt,
1628 4184 1798 4248 986a
1823 4184 1881 4261 1,
1922 4180 1990 4249 id
2018 4184 2309 4247 nimirum
2337 4202 2482 4266 spe-

282 4293 476 4362 ctans,
534 4294 607 4349 ut
662 4283 744 4349 ad
804 4306 1001 4350 unum
1051 4307 1128 4353 ex
1171 4289 1338 4352 suis
1383 4308 1710 4352 causarum
1755 4285 2096 4375 generibus
2142 4295 2479 4351 revocaret

279 4389 577 4475 principia
632 4387 1222 4477 Pythagoreorum,
1279 4412 1415 4456 non
1472 4389 1788 4455 dubitavit
1843 4389 1927 4456 ad
1982 4386 2474 4455 materialem

281 4507 519 4557 causam
566 4512 785 4557 eorum
830 4495 1142 4580 principia
1184 4492 1498 4581 redigere.
1544 4531 1624 4545 -—
1673 4494 1986 4561 Maiorem
2033 4491 2474 4560 difficultatem
