3109 5175
564 374 664 448 92
1409 376 1487 447 Α
1532 374 1603 447 6.
1679 372 1825 449 987
1843 373 1908 448 b.

564 550 699 617 vav
742 549 938 640 δεῦρο
982 552 1062 632 (i.
1094 571 1151 616 e.
1192 551 1321 616 τῶν
1361 551 1750 634 αἰσθητῶν)
1793 546 1975 636 ἄλλῳ
2009 552 2132 636 μέν
2164 572 2293 617 τινι
2324 548 2638 639 διαφέρει,
2682 547 2774 630 τῷ

565 655 636 721 δὲ
688 650 881 721 πόλλ’
931 650 1103 720 ἄττα
1162 651 1506 739 ὁμοειδῆ
1564 649 1733 720 εἶναι
1781 652 1993 720 οὐθὲν
2036 654 2350 745 διαφέρει.
2439 652 2534 717 Ita
2581 672 2773 738 quum

564 781 679 825 sua
724 768 949 824 natura
994 761 1058 823 in
1104 756 1317 822 medio
1361 760 1573 843 posita
1619 761 1747 823 sint
1789 760 2227 826 mathematica
2284 762 2454 823 inter
2509 755 2777 821 sensibi-

564 862 648 929 lia
698 874 764 929 et
804 862 982 929 ideas
1028 856 1313 945 (μεταξύ
1347 863 1547 943 ῠ16),
1604 882 1798 949 saepe
1844 884 1919 928 ea
1963 862 2300 928 Platonico
2346 881 2536 926 sensu
2582 863 2778 948 signi·

564 966 718 1032 ficat
757 967 886 1032 hoc
928 970 1070 1053 ipso
1114 963 1436 1031 vocabulo
1479 959 1565 1029 τὰ
1607 961 1870 1051 μεταξύ,
1916 967 1994 1031 cf.
2040 969 2100 1032 9.
2132 967 2296 1032 9916
2330 968 2436 1031 29.
2481 966 2645 1030 992δ
2675 967 2775 1029 16.

564 1069 634 1136 Β
677 1070 741 1136 2.
797 1072 1043 1148 997ῠ2,
1080 1071 1179 1134 13.
1236 1068 1406 1134 998·
1432 1070 1490 1133 7.
1551 1069 1613 1132 6.
1658 1071 1860 1134 lomb
1888 1072 1988 1148 13,
2026 1071 2134 1136 21.
2196 1069 2265 1134 Κ
2309 1070 2368 1133 l.
2413 1066 2529 1134 1.l.
2588 1070 2677 1132 M
2712 1069 2775 1131 2.

569 1176 778 1240 10776
819 1174 924 1240 11.
973 1210 1054 1224 -
1114 1172 1201 1237 Et
1255 1171 1385 1236 hoc
1438 1170 1692 1258 quidem
1749 1176 2072 1239 verissime
2117 1171 2336 1237 retulit
2380 1170 2780 1249 Aristoteles,

563 1277 840 1343 medium
884 1276 1201 1364 quendam
1245 1275 1458 1340 locum
1501 1278 1668 1341 inter
1710 1277 2038 1342 sensibilia
2085 1287 2151 1341 et
2192 1276 2372 1341 ideas
2419 1280 2779 1363 assignasse

567 1380 899 1446 Platonem
944 1380 1137 1446 rebus
1180 1380 1662 1459 mathematicis,
1720 1379 2028 1466 siquidem
2083 1403 2158 1446 ex
2201 1382 2518 1445 sententia
2564 1378 2781 1444 Plato-

566 1487 667 1550 nis
713 1494 778 1548 et
815 1488 891 1564 ei,
937 1487 1042 1571 qui
1073 1470 1449 1572 cogniturus
1483 1492 1579 1548 est
1606 1482 1799 1562 ideas,
1853 1507 1888 1548 a
1918 1488 2339 1571 perceptione
2368 1504 2663 1549 sensuum
2694 1482 2779 1549 ad

565 1587 848 1654 idearum
890 1585 1496 1673 contemplationem
1525 1586 1735 1652 aditus
1768 1610 1885 1675 per
1912 1588 2053 1653 illas
2084 1587 2403 1675 parandus
2436 1597 2549 1667 est,
2596 1597 2661 1651 et
2688 1589 2778 1650 vi-

565 1694 774 1758 cissim
808 1691 996 1757 ideae
1029 1712 1148 1778 per
1178 1690 1645 1755 mathematicas
1680 1690 1917 1757 formas
1949 1714 2155 1758 rerum
2200 1688 2589 1757 sensibilium
2634 1710 2779 1776 spe-

566 1799 697 1862 cies
754 1799 1168 1862 constituunt.
1256 1794 1470 1880 Quum
1526 1804 1732 1859 autem
1777 1795 1966 1861 Plato
2022 1816 2234 1860 veram
2293 1805 2361 1861 et
2416 1792 2777 1859 absolutam

567 1902 902 1965 essentiam
957 1901 1144 1965 unice
1197 1897 1362 1964 ideis
1419 1898 1757 1976 tribueret,
1824 1898 2065 1985 reliqua
2136 1903 2273 1965 sive
2341 1898 2774 1964 mathematica

567 2006 705 2069 sive
750 2002 1078 2068 sensibilia
1125 2011 1387 2068 eatenus
1434 2024 1575 2067 esse
1619 2012 1925 2082 censeret,
1972 2012 2284 2089 quatenus
2325 2025 2401 2067 ex
2441 2001 2600 2067 ideis
2635 2023 2779 2089 par·

569 2118 695 2173 tem
752 2106 1066 2194 quandam
1128 2108 1441 2172 essentiae
1488 2092 1909 2193 recepissent,
1966 2106 2346 2172 Aristoteles
2391 2104 2777 2191 aliquantum

570 2214 918 2276 immutavit
958 2209 1245 2276 Platonis
1299 2214 1703 2288 sententiam,
1760 2210 1934 2297 quod
1992 2215 2112 2275 tria
2169 2210 2329 2275 haec
2382 2230 2620 2298 genera
2667 2230 2775 2273 en-

569 2317 755 2393 tium,
798 2316 978 2400 quasi
1022 2333 1185 2398 quae
1230 2311 1457 2377 eodem
1505 2324 1720 2378 essent
1761 2317 1928 2390 iure,
1975 2316 2142 2378 iuxta
2187 2336 2259 2378 se
2302 2316 2538 2400 posuit.
2627 2312 2775 2397 Qua

570 2417 823 2505 quidem
869 2419 1120 2481 ratione
1165 2414 1447 2480 distinxit
1495 2437 1654 2480 sane
1697 2428 1764 2482 et
1808 2416 2099 2483 definivit
2145 2416 2554 2495 Aristoteles,
2612 2437 2778 2502 quae

572 2532 671 2588 est
715 2524 852 2587 eius
897 2522 1111 2598 virtus,
1157 2541 1230 2583 ea
1274 2540 1435 2605 quae
1467 2519 1651 2585 Plato
1696 2539 1831 2584 non
1875 2532 2177 2608 potuerat
2219 2519 2302 2585 ad
2346 2532 2520 2585 artos
2563 2522 2778 2585 notio-

571 2629 672 2693 nis
729 2626 893 2690 smes
950 2622 1338 2702 describere,
1394 2623 1508 2689 sed
1567 2627 1653 2689 ita
1701 2623 2019 2705 definivit,
2075 2638 2149 2690 ut
2193 2636 2258 2689 et
2300 2624 2777 2690 fundamentum

571 2729 903 2796 doctrinae
946 2726 1316 2793 Platonicae
1363 2738 1679 2793 everteret
1732 2739 1800 2793 et
1841 2727 2143 2816 plurimas
2185 2726 2338 2792 inde
2380 2731 2779 2815 potissimum

573 2838 854 2899 rationes
911 2830 1340 2920 redarguendi
1394 2830 1693 2897 Platonis
1737 2843 1960 2919 posset
2009 2842 2319 2918 repetere.
2416 2831 2521 2898 Cf.
2566 2831 2780 2897 Zeller

461 2958 469 2965 ·
572 2938 731 3004 Plat.
777 2937 870 3003 St.
916 2958 978 3022 p.
1007 2936 1403 3001 248-266,
1472 2936 1586 3001 Pb.
1633 2936 1695 3002 d.
1742 2936 1857 3002 Gr.
1903 2937 1982 3001 Π.
2027 2959 2090 3023 p.
2126 2936 2256 3001 178
2299 2958 2390 3022 sq.
2436 2936 2588 3003 250.

704 3043 865 3107 98Ίό
893 3041 978 3105 18
1021 3042 1197 3105 ἐπεὶ
1242 3037 1301 3105 δ’
1341 3037 1570 3105 αἴτια
1613 3077 1702 3090 -
1744 3041 1832 3105 22
1875 3035 2067 3116 τοὺς
2112 3035 2557 3127 ἀριθμούς.
2629 3039 2778 3126 Qua

574 3146 1061 3210 ratiocinatione
1104 3144 1550 3232 Pythagoreos
1608 3142 1762 3209 dixit
1817 3162 1970 3208 usos
2013 3164 2155 3208 esse
2199 3142 2280 3207 ad
2325 3165 2501 3208 suam
2545 3142 2780 3209 doctri-

573 3272 717 3314 nam
764 3246 1321 3335 comprobandam,
1365 3249 1426 3313 5.
1471 3249 1641 3313 9860
1681 3249 1741 3326 1,
1786 3246 2014 3338 'eadem
2058 3246 2393 3312 Platonem
2438 3245 2777 3312 adductum

576 3375 716 3418 esse
762 3364 995 3433 censet,
1040 3362 1113 3418 ut
1153 3350 1439 3418 idearum
1481 3351 1792 3417 elementa
1831 3350 2051 3418 eadem
2091 3354 2368 3416 omnium
2410 3373 2615 3416 rerum
2653 3351 2781 3416 ele-

576 3467 785 3523 menta
833 3479 973 3523 esse
1017 3467 1337 3523 statueret.
1422 3458 1505 3522 Et
1545 3454 1871 3521 materiale
1916 3454 2164 3542 quidem
2212 3451 2591 3521 elementum
2634 3476 2780 3522 esse

575 3566 795 3628 statuit
837 3555 914 3627 τὸ
957 3565 1128 3647 μέγα
1169 3563 1282 3627 καὶ
1324 3555 1402 3627 τὸ
1445 3555 1681 3646 μικρόν
1726 3560 1783 3624 h.
1824 3582 1879 3625 e.
1923 3559 1991 3625 id
2039 3558 2211 3644 quod
2257 3570 2322 3624 et
2366 3558 2667 3647 augendo
2713 3571 2781 3625 et

575 3665 990 3733 diminuendo
1034 3669 1273 3753 pariter
1317 3675 1415 3731 est
1457 3663 1758 3729 idoneum
1807 3675 1872 3729 et
1913 3666 2241 3750 utriusque
2278 3665 2342 3728 in
2382 3685 2454 3728 se
2492 3666 2781 3730 continet

577 3767 858 3855 δύναμιν
912 3769 1032 3851 (cf.
1088 3770 1282 3854 Phys.
1328 3769 1418 3833 111
1474 3770 1536 3833 6.
1595 3770 1758 3833 2⁰6⁵
1792 3769 1906 3832 27·
1964 3768 2102 3832 ἐπεὶ
2156 3789 2269 3833 και
2314 3764 2610 3836 Πλάτων
2667 3763 2782 3834 διὰ

577 3874 773 3939 τοῦτο
818 3868 936 3939 δύο
981 3866 1065 3937 τὰ
1108 3866 1350 3958 ἄπειρα
1393 3875 1727 3951 ἐποίησεν,
1785 3866 1888 3936 ὅτι
1943 3873 2057 3936 καὶ
2098 3872 2206 3935 ἐπὶ
2250 3865 2372 3950 τὴν
2415 3866 2624 3952 αὔξην
2665 3874 2782 3938 δο-

577 3986 675 4041 κεῖ
729 3972 1158 4060 ὑπερβάλλειν
1214 3976 1328 4041 καὶ
1381 3979 1471 4050 εὶς
1525 3969 1802 4062 ἄπειρον
1850 3979 2013 4042 uvae
2058 3976 2170 4039 καὶ
2212 3975 2319 4039 ἐπὶ
2364 3970 2486 4055 τὴν
2526 3977 2782 4041 καθαί-

579 4100 777 4167 ρεσιν.
844 4079 1037 4164 Phys.
1083 4081 1113 4144 l
1157 4081 1219 4143 4.
1268 4080 1433 4144 187-
1475 4080 1630 4160 16),
1675 4078 1940 4144 formale
1984 4088 2194 4143 autem
2240 4081 2619 4165 principium
2666 4101 2784 4166 po-

579 4187 705 4249 suit
747 4186 1007 4249 unitatis
1053 4185 1204 4261 vim,
1249 4180 1337 4259 ὡς
1380 4179 1439 4247 δ’
1478 4179 1716 4247 οὐσίαν
1759 4177 1836 4247 τὸ
1881 4188 1968 4249 ἓν.
2054 4183 2304 4247 Etenim
2352 4178 2547 4247 οὐσία
2590 4205 2781 4268 quum

580 4290 663 4353 sit
707 4289 1007 4373 opposita
1056 4286 1133 4376 τῇ
1173 4281 1308 4378 ὕλῃ,
1353 4285 1727 4353 indefinitae
1771 4289 2054 4352 nimimm
2096 4297 2319 4373 suapte
2354 4297 2595 4364 natura,
2642 4307 2779 4352 eam

582 4389 1020 4456 definitionem
1066 4411 1143 4455 ac
1187 4389 1448 4455 sormam
1494 4391 1773 4477 putanda
1820 4404 1918 4457 est
1960 4391 2354 4480 significare,
2410 4413 2534 4476 qua
2590 4412 2783 4478 quae-

581 4516 706 4580 que
748 4516 851 4560 res
895 4494 961 4560 id
1009 4506 1122 4574 est,
1169 4493 1342 4582 quod
1389 4505 1508 4570 est3
1555 4518 1740 4583 quam
1788 4494 2051 4562 eandem
2100 4492 2329 4572 οὐσίας
2372 4493 2784 4583 significatio·
