3109 5175
1168 399 1251 468 H
1291 397 1358 469 5.
1445 398 1709 473 104412.
2399 406 2541 480 37³

331 568 659 652 πρῶτον
700 563 977 655 πάσχον,
1024 571 1101 635 cf.
1150 571 1233 636 de
1280 574 1500 639 eadem
1545 579 1921 662 quaestione
1964 581 2231 663 proximi
2272 579 2540 646 subiecti

333 671 500 757 Top.
525 672 621 735 Vl
657 675 717 737 6.
757 676 925 739 145⁸
954 674 1061 741 28.
1115 679 1177 740 9.
1216 679 1377 746 14Ἱό
1401 681 1506 744 31.
1544 718 1621 730 -
1663 682 1791 744 ⁶15
1836 676 2045 747 ὕπνου
2088 680 2148 746 δ’
2187 677 2437 764 ἄδηλον
2473 687 2539 749 τί

329 767 406 838 τὸ
443 775 707 860 πρῶτον
743 773 1023 862 πάσχον.
1095 777 1241 845 ἀλλ’
1277 778 1381 846 ὅτι
1417 777 1494 847 τὸ
1532 782 1736 865 ζῷονς
1780 785 1911 860 ναί,
1948 777 2122 849 ἀλλὰ
2154 789 2284 852 κτλ.
2362 788 2540 852 Haec

328 879 382 939 si
417 890 591 943 recte
627 881 1007 945 exhibentur
1040 883 1262 948 verba:
1308 882 1455 950 ἀλλ’
1495 880 1601 949 ὅτι
1642 880 1719 950 τὸ
1765 886 1965 968 ζῷονς
2012 890 2101 952 ita
2143 888 2279 954 fere
2318 889 2536 955 viden-

327 990 433 1045 tur
470 982 827 1067 supplenda
868 1004 1035 1048 esse:
1079 982 1225 1051 ἀλλ’
1264 986 1421 1064 ἴσως
1467 980 1551 1052 ἂν
1597 986 1765 1053 εἴποι
1800 1013 1898 1064 τις
1936 984 2039 1055 ὅτι
2076 985 2153 1056 τὰ
2192 988 2361 1074 ζῷόν
2398 998 2535 1060 ἐστι

327 1077 402 1147 τὸ
439 1086 700 1169 πρῶτον
737 1082 1013 1172 πάσχον.
1088 1089 1190 1154 Ad
1229 1113 1391 1177 quae
1428 1091 1663 1156 deiude
1701 1092 2153 1178 respondetur:
2197 1098 2328 1172 ναί,
2360 1090 2534 1162 ἀλλὰ

325 1187 460 1251 κτλ.
549 1188 678 1253 Sed
723 1192 890 1257 haud
938 1196 1071 1257 scio
1119 1214 1202 1257 an
1247 1216 1367 1279 pro
1416 1192 1559 1260 ἀλλ’
1603 1190 1707 1260 ὅτι
1750 1196 2084 1262 scribenda
2129 1201 2211 1262 sit
2258 1199 2532 1265 formula

323 1289 434 1354 illa
477 1294 542 1356 in
589 1292 862 1383 dialogis
910 1295 990 1361 ad
1039 1296 1469 1383 occupandam
1507 1302 1992 1384 responsionem
2031 1300 2371 1367 admodum
2410 1306 2532 1368 usi-

324 1405 482 1459 tatax
525 1389 690 1463 ἄλλο
733 1422 826 1478 τι,
884 1400 1225 1466 vernacule
1269 1401 1447 1467 nieht
1487 1402 1704 1483 waler,
1767 1402 1847 1468 de
1894 1426 2017 1491 qua
2062 1404 2140 1469 cf.
2189 1407 2403 1471 Herm.
2450 1406 2531 1473 ad

324 1500 474 1586 vig.
519 1522 580 1585 p.
616 1504 762 1567 730.
826 1502 1052 1569 Stallb.
1100 1504 1181 1570 ad
1219 1504 1377 1571 Plat.
1420 1505 1610 1591 Apol.
1657 1506 1816 1572 md.

1230 1776 1459 1851 CAP.
1527 1778 1617 1850 V.

456 1919 528 1982 ln
577 1920 672 1983 his
717 1922 912 2007 igitur
958 1921 1407 1988 affectionibus
1455 1934 1522 1988 et
1566 1923 2017 2002 accidentibus,
2059 1924 2211 1990 licet
2253 1947 2385 1991 non
2424 1928 2529 1991 ha⁶

245 2016 255 2026 ⁴
321 2021 514 2086 beant
555 2028 878 2089 materiam
922 2026 1044 2090 sibi
1090 2026 1465 2106 subiectam,
1510 2037 1576 2093 at
1618 2030 1951 2115 generatio
1996 2037 2206 2093 tamen
2254 2033 2531 2094 cernitur

320 2136 387 2190 et
429 2129 750 2207 interitus,
809 2129 931 2193 alia
976 2151 1133 2195 vero
1181 2141 1454 2209 exstant,
1512 2152 1675 2216 quae
1734 2134 1873 2195 sine
1917 2136 2336 2218 generatione
2380 2141 2531 2198 sunt

320 2239 386 2292 et
417 2232 566 2294 ‘sine
609 2234 866 2298 interitu
914 2254 1047 2298 non
1092 2244 1257 2298 sunt.
1349 2233 1422 2297 Id
1466 2237 1530 2298 in
1577 2234 1814 2299 formas
1859 2257 2067 2299 rerum
2113 2236 2373 2315 cadere,
2428 2259 2529 2303 su·

318 2355 433 2418 pra
480 2342 578 2398 est
622 2333 1118 2403 demonstratum
1166 2338 1230 2401 Z
1260 2340 1333 2413 83
1391 2341 1469 2402 iis
1515 2341 1623 2403 Ar.
1671 2340 1799 2403 boc
1858 2337 2005 2404 loco
2065 2339 2245 2405 addit
2292 2349 2527 2426 puncta

320 2437 751 2504 mathematica
813 2441 935 2523 (cf.
979 2441 1047 2506 B
1093 2445 1155 2506 5.
1205 2444 1413 2506 1002a
1455 2444 1615 2522 32):
1672 2439 1817 2507 οἷον
1867 2446 1937 2507 αἱ
1996 2445 2294 2525 στιγμαί,
2351 2440 2526 2528 εἴπερ

321 2543 474 2619 εἶσί,
521 2543 678 2620 ⁶22,
736 2545 796 2611 h.
835 2566 890 2610 e.
935 2545 1244 2632 siquidem
1292 2567 1466 2612 esse
1523 2568 1596 2612 re
1649 2568 1795 2611 vera
1842 2545 2229 2622 indicantum
2285 2546 2528 2612 scilicet

320 2666 452 2710 non
500 2668 572 2711 ex
619 2670 732 2711 sua
777 2653 1094 2714 sententia
1139 2650 1265 2714 hoc
1308 2650 1476 2728 dicit,
1522 2648 1635 2714 sed
1683 2672 1758 2714 ex
1803 2653 2118 2715 sententia
2161 2650 2555 2715 Platonico-⁷

320 2770 484 2826 rum,
535 2749 723 2815 rebus
769 2754 1220 2817 mathematicis
1266 2757 1687 2819 exsistentiam
1734 2754 2161 2820 tribuentium.
2254 2757 2526 2820 Formae

325 2857 519 2942 igitur
562 2878 751 2940 quum
797 2878 919 2920 nec
963 2857 1123 2921 flant
1163 2879 1285 2921 nec
1329 2868 1657 2922 transeant
1701 2860 1967 2922 invicem
2015 2857 2213 2922 altera
2258 2862 2324 2921 in
2370 2857 2524 2921 alte-

319 2979 477 3037 ram,
534 2981 617 3024 ne
677 2965 996 3025 materiam
1056 2958 1310 3047 quidem
1368 2962 1488 3026 sibi
1545 2961 1888 3026 subiectam
1945 2971 2217 3047 possunt
2260 2958 2522 3035 habere;

318 3066 577 3127 materia
623 3066 788 3128 enim
835 3063 927 3128 ibi
971 3087 1154 3128 sunm
1197 3065 1389 3130 habet
1434 3065 1675 3144 locum,
1733 3064 1843 3129 ubi
1903 3063 2051 3150 qnid
2108 3068 2179 3129 in
2222 3066 2523 3150 opposita

317 3168 405 3229 ita
463 3177 765 3244 mutatur,
820 3178 892 3231 ut
949 3172 1202 3234 tertium
1261 3169 1581 3255 quidpiam
1640 3172 1997 3255 requiratur
2050 3168 2223 3255 quod
2275 3179 2526 3234 maneat

317 3271 387 3334 in
430 3275 795 3347 mutatione,
841 3272 920 3335 cf.
968 3274 1041 3335 Λ
1083 3275 1142 3335 1.
1184 3275 1386 3337 1069b
1419 3275 1484 3336 6.

449 3379 526 3454 c)
575 3375 777 3439 10440
813 3376 1239 3440 29--1o45a
1273 3377 1337 3439 6.
1441 3375 1769 3440 Materiam
1824 3399 2019 3463 quum
2074 3380 2152 3441 iis
2207 3380 2277 3440 in
2330 3374 2522 3440 rebus

318 3481 494 3542 cerni
549 3481 856 3543 monitum
914 3482 1026 3556 sit,
1084 3499 1244 3564 quae
1301 3481 1713 3546 mutationem
1760 3484 1827 3543 in
1872 3483 2187 3544 contraria
2232 3478 2523 3557 subeunt,

320 3593 816 3647 consentaneum
862 3595 962 3647 est
1003 3582 1236 3648 deinde
1280 3588 1530 3669 quaeri,
1576 3584 1904 3668 quomodo
1948 3582 2029 3647 ad
2074 3584 2234 3648 haec
2274 3591 2521 3648 eontra-

318 3689 411 3749 ria
469 3689 726 3750 materia
785 3687 1113 3753 referatur.
1209 3689 1416 3774 Atque
1473 3687 1693 3752 eadem
1750 3688 1854 3751 hic
1907 3690 2255 3753 instituitur
2306 3685 2522 3749 distin-

320 3794 479 3869 ctio,
531 3813 655 3876 qua
699 3795 944 3874 γένεσις
986 3790 1166 3872 ἁπλῆ
1211 3795 1569 3879 seiungitur
1615 3814 1649 3855 a
1694 3795 1940 3874 γενέσει
1978 3784 2151 3856 κατὰ
2192 3789 2523 3874 συμβεβη-

319 3889 449 3970 κός,
496 3893 578 3958 cs.
609 3893 694 3958 ad
733 3897 794 3960 l.
826 3897 1028 3961 lomb
1056 3898 1113 3960 7.
1183 3898 1451 3962 Materia
1491 3899 1656 3961 enim
1703 3917 1894 3981 quum
1942 3892 2163 3959 eadem
2205 3902 2272 3957 et
2314 3894 2525 3980 potio·

319 4002 407 4062 ris
452 3998 695 4063 formae
739 4000 824 4061 sit
866 4011 930 4062 et
974 3998 1326 4080 deterioris,
1365 4002 1640 4087 potioris
1685 3998 1939 4084 quidem
1981 3997 2229 4062 formae
2263 3999 2523 4061 materia

321 4111 438 4180 est,
478 4113 788 4188 quatenus
834 4100 916 4165 ad
961 4103 1240 4168 habitum
1288 4117 1355 4169 et
1395 4105 1663 4172 formam
1704 4101 1924 4180 tendit,
1969 4101 2311 4168 deterioris
2350 4122 2523 4178 vero,

323 4216 636 4290 quatenus
683 4217 906 4270 contra
951 4218 1253 4285 naturam,
1298 4211 1583 4272 nimirum
1621 4209 1860 4292 optima
1898 4227 2185 4292 quaeque
2222 4215 2525 4291 appeten·

324 4319 466 4388 tem,
513 4308 592 4374 ad
632 4313 1050 4396 privationem
1093 4318 1158 4374 et
1194 4314 1513 4376 interitum
1549 4313 1776 4398 vergit.
1809 4347 1889 4361 ·-
1939 4308 2137 4393 Quod
2180 4318 2391 4374 autem
2439 4328 2523 4371 ex

323 4416 480 4478 vino
525 4425 786 4492 acetum,
833 4436 909 4480 ex
953 4416 1208 4480 homine
1255 4417 1404 4477 vivo
1451 4413 1723 4480 cadaver
1764 4413 1907 4477 fieri
1943 4412 2224 4488 dicimus,
2269 4414 2395 4476 hoc
2430 4421 2528 4475 est

325 4529 533 4581 autem
581 4539 656 4583 ex
702 4520 955 4604 potiore
997 4518 1203 4584 forma
1242 4517 1622 4586 deteriorem
1659 4528 1725 4582 et
1756 4519 2191 4604 privationem,
2237 4514 2303 4580 id
2336 4534 2527 4601 quum
2596 4569 2599 4574 .
