3109 5175
1123 369 1201 441 A
1253 366 1315 441 l.
1391 345 1531 442 98‘1
1555 363 1619 439 b.
2381 364 2476 438 45

272 547 418 632 ipso
462 545 671 632 primo
718 545 871 609 artis
916 542 1178 609 alicuius
1222 547 1564 610 inventore
1622 546 1752 632 agi,
1811 541 1926 608 sed
1980 523 2278 608 universe
2336 563 2477 608 eum

272 648 621 737 significari
652 647 942 713 ordinem
976 638 1041 712 et
1070 647 1401 713 decursum
1432 649 1838 726 inventionis,
1874 658 1945 712 ut
1978 651 2311 734 primum
2347 649 2481 732 qui-

274 751 418 818 dem
464 755 768 818 inventae
814 761 880 816 et
920 751 1234 838 probatae
1271 754 1400 818 sint
1432 750 1755 838 quislibet
1788 760 1972 829 artes,
2021 751 2253 818 deinde
2289 771 2478 838 quum

273 857 443 921 inter
470 855 692 943 plures
722 866 892 919 artes
921 850 1276 934 (πλειόνων
1306 852 1367 920 δ’
1398 852 1870 942 εὑρισκομένων
1897 857 2178 941 τεχνῶν)
2210 855 2483 943 dignita-

275 963 354 1024 tis
376 959 722 1024 discrimen
747 956 891 1023 fieri
919 961 1137 1045 possit,
1166 962 1538 1023 necessariis
1570 958 1810 1025 artibus
1843 969 2323 1047 praeponantur
2352 979 2484 1035 eae,

276 1085 442 1150 quae
492 1060 731 1128 cultum
774 1065 943 1126 vitae
988 1071 1292 1148 spectant,
1339 1061 1615 1150 denique
1661 1064 1758 1128 his
1796 1064 2088 1130 omnibus
2125 1062 2368 1128 artibus
2409 1083 2484 1126 ex

275 1177 555 1253 utroque
607 1186 845 1255 genere
897 1168 1172 1230 inventis
1231 1160 1446 1247 (ὅθεν
1498 1160 1625 1246 ἤδη
1677 1162 1943 1232 πάντων
1995 1169 2125 1232 τῶν
2169 1161 2487 1232 τοιούτων

275 1271 933 1354 κατεσκευασμένων)
969 1271 1349 1333 accesserint
1381 1279 1549 1334 artes
1582 1269 1987 1335 theoreticae.
2062 1273 2271 1358 Atque
2316 1268 2486 1335 istud

276 1373 537 1460 quidem
602 1383 666 1437 et
720 1375 1025 1459 temporis
1077 1383 1141 1437 et
1187 1372 1511 1461 dignitatis
1560 1371 1895 1438 discrimen
1941 1384 2012 1440 ut
2055 1388 2202 1462 apte
2245 1373 2488 1463 signifi-

276 1489 492 1556 cetur,
535 1479 671 1541 iure
716 1478 994 1561 requiras
1040 1468 1128 1541 τὸ
1172 1477 1293 1560 μὲν
1338 1468 1456 1542 οὖν
1499 1478 1789 1560 πρῶτον,
1836 1499 1969 1543 non
2020 1473 2163 1544 τὸν
2205 1480 2326 1563 μὲν
2370 1468 2489 1543 οὖν

275 1584 564 1670 πρῶτον.
624 1613 703 1629 -
767 1577 1335 1645 cuiuslibet-artis
1392 1583 1694 1645 inventor
1751 1580 1830 1644 ab
1890 1584 2071 1646 initio
2131 1569 2488 1646 laudandus

276 1684 652 1762 videbatur,
721 1692 949 1769 utpote
1020 1704 1314 1771 egressus
1378 1684 1582 1749 solam
1640 1705 1936 1750 sensuum
1995 1687 2489 1772 perceptionem,

279 1811 447 1876 quae
505 1789 653 1874 quia
713 1789 1063 1851 communis
1122 1798 1219 1852 est
1265 1787 1560 1854 omnibus
1607 1789 1965 1853 hominibus
2010 1784 2197 1867 κοινή
2244 1787 2489 1865 dicitur,

277 1885 473 1978 παρὰ
513 1884 635 1966 τὰς
677 1883 960 1966 κοινὰς
1004 1887 1357 1970 αἰσθήσεις
1394 1894 1541 1958 ὁΙιί.
1574 1929 1661 1941 -
1705 1893 2085 1957 Necessitati
2123 1895 2307 1969 vitae,
2351 1897 2492 1967 τοῖς

280 1993 701 2079 ἀναγκαίοις,
749 1996 1099 2079 opponitur
1141 1991 1183 2074 ἡ
1229 1992 1551 2079 διαγωγή,
1607 2016 1735 2082 quo
1781 1993 2099 2059 vocabulo
2145 1993 2493 2082 significari

279 2102 459 2164 vitae
503 2094 739 2163 cultum
786 2109 852 2160 et
894 2117 1306 2184 quaecunque
1359 2096 1439 2162 ad
1496 2097 1889 2185 voluptatem
1942 2099 2159 2184 potius
2208 2109 2270 2163 et
2315 2097 2491 2163 oble-

282 2205 660 2279 ctationem,
705 2221 886 2286 quam
934 2200 1016 2266 ad
1061 2200 1261 2266 solam
1307 2203 1633 2288 pertinent
1674 2204 2143 2280 necessitatem,
2188 2201 2340 2268 inde
2389 2223 2493 2266 co-

279 2308 619 2397 gnoscitur
662 2302 835 2389 quod
883 2326 1020 2369 cum
1068 2301 1274 2397 ἡδονῇ
1311 2316 1376 2370 et
1411 2301 1715 2397 ῥᾳστώνῃ
1756 2309 2178 2394 coniungitur,
2223 2305 2302 2370 cf.
2336 2307 2492 2370 ⁶21:

282 2415 353 2477 al
414 2404 512 2495 μὴ
567 2402 736 2493 πρὸς
788 2403 1094 2487 ἡδονὴν
1133 2409 1299 2494 μηδὲ
1343 2406 1510 2497 πρὸς
1549 2405 1928 2495 τάναγκαῖα
1969 2431 2107 2475 cum
2146 2412 2306 2476 ⁶172
2363 2409 2497 2474 τῶν

281 2517 405 2601 μὲν
451 2506 618 2602 πρὸς
660 2507 1031 2596 τάναγκαῖα
1075 2513 1204 2577 τῶν
1248 2513 1317 2578 δὲ
1351 2508 1517 2600 πρὸς
1550 2506 1882 2598 διαγωγὴν
1918 2511 2149 2581 οὐσῶν.
2216 2516 2278 2578 2.
2324 2514 2496 2578 982⁶

282 2622 400 2686 23:
449 2619 566 2683 καὶ
606 2609 770 2702 πρὸς
804 2612 1149 2701 ῥᾳστώνην
1185 2619 1298 2683 καὶ
1338 2614 1686 2702 διαγωγήν.
1755 2619 1898 2683 Eth.
1923 2619 2004 2683 N.
2029 2619 2125 2683 Ν
2148 2620 2251 2683 14.
2282 2619 2496 2684 112Ἰῦ

283 2724 403 2791 33:
452 2715 656 2800 οὔσης
698 2719 767 2784 δὲ
810 2721 921 2784 καὶ
967 2717 1397 2798 ἀναπαύσεως
1441 2722 1510 2785 ἐν
1553 2723 1649 2804 τῷ
1690 2722 1831 2806 βίῳ,
1875 2724 1987 2787 καὶ
2022 2720 2107 2787 ἐν’
2120 2718 2322 2813 ταύτῃ
2352 2723 2498 2787 δια·

284 2826 509 2912 γωγῆς
562 2817 729 2908 μετὰ
781 2823 1066 2900 παιδιᾶς.
1158 2822 1243 2888 lx
1286 2826 1391 2889 11.
1452 2826 1657 2890 11711»
1698 2826 1808 2889 13:
1864 2821 1986 2905 τήν
2040 2846 2112 2890 τε
2166 2819 2499 2909 διαγωγὴν

284 2928 524 3010 ἡδεῖαν
567 2929 710 3012 ἔχει.
798 2926 986 2992 Polit.
1030 2928 1193 2992 VIII
1234 2930 1296 2993 5.
1345 2929 1554 2994 133912
1597 2928 1714 2994 25:
1765 2920 1813 3008 ἢ
1852 2923 2019 3015 πρὸς
2064 2924 2396 3012 διαγωγήν
2434 2950 2500 2992 τι

288 3026 741 3116 συμβάλλεται
785 3032 939 3112 (int.
970 3028 1014 3111 ἡ
1045 3026 1370 3114 μουσική)
1412 3033 1522 3097 καὶ
1561 3025 1728 3116 πρὸς
1762 3026 2105 3120 φρόνησιν.
2173 3034 2332 3099 ⁸17:
2375 3027 2499 3111 τὴν

289 3129 629 3220 διαγωγὴν
673 3131 1209 3217 ὁμολογουμένως
1253 3135 1353 3199 δεῖ
1390 3128 1485 3219 μὴ
1526 3130 1739 3218 μόνον
1773 3138 1939 3220 ἔχειν
1971 3130 2049 3202 τὸ
2086 3130 2292 3202 καλὸν
2326 3131 2500 3201 ἀλλὰ

289 3241 405 3306 καὶ
448 3233 573 3318 τὴν
616 3234 885 3318 ἡδονήν.
957 3238 1087 3302 VII
1133 3240 1237 3304 15.
1291 3239 1632 3303 13340116:
1685 3236 1998 3324 χρήσιμοι
2044 3277 2123 3291 -
2171 3234 2336 3328 πρὸς
2377 3232 2501 3319 τὴν

291 3336 542 3430 σχολὴν
598 3343 711 3405 καὶ
768 3337 1118 3425 διαγωγήν.
1208 3342 1511 3428 Disputat
1554 3341 1636 3406 dc
1678 3343 1805 3408 hoc
1849 3341 2169 3408 vocabulo
2217 3340 2404 3408 Biese
2450 3344 2498 3407 1.

291 3470 353 3535 p.
400 3448 533 3513 549
579 3456 740 3524 not„
798 3444 913 3510 sed
973 3466 1118 3511 eum
1176 3434 1427 3535 quidem
1484 3450 1670 3512 unius
1723 3447 1850 3512 loci
1894 3455 2115 3511 natura
2165 3445 2500 3533 deceptum

291 3554 481 3617 nimis
526 3560 661 3615 arte
704 3549 888 3614 huius
935 3552 1219 3614 notionis
1263 3549 1426 3614 flues
1473 3553 1848 3617 contrahere
1898 3548 2232 3637 apparebit
2277 3560 2343 3613 et
2387 3570 2501 3614 eos

295 3677 459 3743 quos
504 3653 894 3719 laudavimus
938 3652 1124 3718 locos
1172 3652 1526 3718 conferenti
1577 3664 1641 3719 et
1684 3657 2025 3741 praecipue
2063 3651 2206 3718 Eth.
2236 3652 2320 3717 N.
2352 3656 2407 3718 X
2439 3656 2500 3719 6.

298 3761 503 3827 11761*
549 3759 651 3822 12.
716 3759 818 3822 14.
878 3795 960 3810 —
1024 3759 1159 3823 Has
1218 3766 1373 3844 post
1429 3769 1628 3837 artes,
1689 3758 1914 3845 quibus
1973 3769 2038 3823 et
2095 3761 2502 3822 necessitates

299 3874 365 3929 et
420 3862 890 3928 oblectamenta
946 3872 1424 3947 comparantur,
1484 3862 1660 3949 quod
1714 3862 2189 3928 mathematicae
2248 3873 2503 3927 exortae

298 3978 461 4046 sunt,
505 3987 671 4053 quae
705 3965 960 4052 quidem
996 3969 1236 4052 primae
1271 3968 1438 4032 inter
1474 3967 1858 4032 theoreticas
1894 3969 2192 4031 inventae
2229 3978 2394 4045 sunt,
2437 3965 2504 4030 id

299 4073 360 4136 ei
404 4071 676 4136 debetur
719 4072 886 4150 otio,
944 4090 1071 4156 qno
1119 4068 1289 4155 apud
1337 4072 1724 4160 Aegyptios,
1774 4073 2165 4159 geometriae
2213 4084 2505 4135 auctores

298 4173 579 4257 (Herod.
611 4173 671 4237 11
705 4176 889 4256 1⁰9),
937 4173 1312 4261 pontificum
1350 4174 1563 4240 ordini
1605 4176 1865 4255 (ἔθνος,
1906 4174 1984 4238 cf.
2021 4177 2154 4238 Ast.
2189 4173 2308 4238 lex.
2341 4173 2501 4239 Plat.

301 4300 350 4343 ε.
395 4278 455 4342 h.
497 4280 605 4361 v.)
649 4277 882 4343 licebat
935 4278 1078 4343 frui.
1169 4279 1253 4343 Et
1310 4283 1446 4344 otio
1509 4279 1759 4365 quidem
1822 4299 1983 4365 opus
2040 4300 2180 4342 esse
2226 4278 2305 4343 ad
2354 4299 2504 4343 con·

300 4382 720 4469 templandam
749 4387 1097 4461 veritatem,
1142 4385 1340 4449 otium
1387 4385 1685 4472 negotiis,
1732 4380 2282 4468 contemplativam
2313 4386 2502 4446 vitam

302 4491 559 4568 activae,
602 4486 985 4554 theoreticas
1032 4496 1198 4553 artes
1243 4509 1319 4551 ac
1363 4487 1727 4576 disciplinas
1773 4489 2065 4575 practicis
2108 4506 2505 4573 praeponen-
