3109 5175
529 377 670 453 334
1329 378 1404 444 Ζ
1453 373 1567 446 10.
1651 372 1917 446 10351).

531 550 792 638 λόγοις)
833 549 912 616 οὐ
947 551 1045 617 δεῖ
1081 555 1319 615 ἐνεῖναι
1357 548 1713 636 explicandi
1750 570 1937 613 causa
1974 547 2250 614 additur:
2294 541 2381 612 ἂν
2412 543 2505 632 μὴ
2542 537 2585 638 ᾖ
2618 550 2740 612 τοῦ

531 657 1058 738 συνειλημμένου.
1150 655 1333 717 Hanc
1377 652 1633 738 ellipsin
1678 671 1811 717 non
1857 651 2242 717 intellexisse
2287 651 2570 728 videtur,
2628 653 2736 737 qui

532 763 599 823 in
654 761 937 846 margine
996 756 1139 822 cod.
1184 757 1256 821 E
1305 755 1634 821 adnotavit
1688 777 1807 841 pro
1861 757 1992 820 τῶν
2045 757 2165 838 μὲν
2211 791 2289 806 --
2339 755 2470 819 τῶν
2516 754 2587 818 δέ
2633 752 2734 818 vel

507 860 725 927 'scribi
770 861 875 924 vel
920 860 1322 926 scribendum
1368 880 1508 942 esse
1555 862 1683 923 τῶν
1724 860 1844 942 μὲν
1887 895 1972 906 -
2018 865 2158 934 τοῖς
2201 859 2290 921 δέ.
2794 905 2803 914 .

667 967 875 1031 1035a
924 967 1013 1030 30
1070 960 1247 1029 ὥστ’
1292 964 1626 1027 ἐκείνων
1682 963 1826 1046 μὲν
1883 958 2131 1049 ἀρχαὶ
2185 961 2321 1024 καὶ
2376 962 2581 1044 μέρη
2639 955 2740 1025 τὰ

535 1065 660 1156 ὑφ’
711 1061 949 1145 αὑτά,
1003 1069 1139 1131 κτλ.
1196 1071 1408 1130 ἐκεῖνα
1468 1064 1591 1128 dici
1650 1085 1724 1129 ea
1784 1086 1947 1150 quae
2007 1086 2042 1129 e
2099 1067 2359 1128 materia
2418 1073 2484 1126 et
2538 1063 2741 1128 forma

534 1170 925 1248 coaluerunt,
971 1181 1035 1234 et
1074 1192 1148 1234 ex
1189 1167 1624 1254 superioribus
1666 1167 2042 1255 intelligitur
2078 1178 2145 1230 et
2183 1165 2593 1231 confirmatur
2630 1188 2742 1253 op-

534 1276 748 1362 posito
782 1277 903 1338 τοῦ
936 1270 992 1337 δ’
1035 1270 1259 1348 εἴδους,
1298 1273 1452 1336 1131.
1520 1270 1651 1335 Sed
1697 1267 1779 1336 τὰ
1825 1269 1940 1360 ὑφ’
1981 1265 2151 1336 αὑτά
2189 1269 2340 1356 quid
2378 1269 2744 1357 significent
2794 1305 2803 1308 -

538 1376 832 1463 equidem
878 1397 1010 1440 non
1055 1395 1310 1460 possum
1360 1373 1665 1438 divinare.
1744 1374 2102 1439 Alexander
2138 1397 2325 1459 quum
2356 1373 2516 1438 haec
2542 1374 2741 1438 verba

540 1484 632 1545 sic
661 1484 1112 1565 interpretetur
1140 1501 1202 1563 p.
1229 1480 1373 1557 474,
1407 1480 1516 1543 15:
1565 1473 1728 1543 ὥστε
1767 1482 1895 1543 τῶν
1927 1481 2269 1544 συνθέτων
2296 1479 2508 1541 ταῦτα
2537 1470 2623 1542 τὰ
2656 1474 2744 1553 ὡς

536 1579 660 1663 ὕλη
719 1585 841 1647 εἰσὶ
896 1587 1060 1668 μέρη
1116 1583 1229 1647 καὶ
1284 1579 1514 1666 ἀρχαί,
1572 1602 1705 1646 non
1766 1580 2194 1669 improbabile¹
2230 1580 2553 1645 videbitur
2599 1601 2742 1644 eum

537 1710 661 1776 pro
708 1679 792 1751 τοὶ
832 1684 949 1775 ὑφ’
988 1680 1160 1751 αὑτά
1204 1688 1271 1749 in
1310 1695 1479 1749 textu
1526 1684 1822 1749 habuisse
1868 1678 1953 1748 τὰ
1995 1679 2234 1748 ὑλικά
2276 1684 2382 1748 vel
2425 1679 2510 1748 τὰ
2555 1682 2744 1749 ὑλικὰ

539 1793 768 1857 ταῦτα.
816 1827 898 1840 -
956 1790 1264 1853 Proximis
1311 1790 1377 1852 in
1421 1786 1635 1852 verbis
1682 1785 1856 1873 quod
1901 1796 2050 1852 ante
2095 1795 2381 1877 σφαῖρα,
2427 1790 2595 1866 a32,
2639 1786 2745 1852 ad·

542 1894 672 1960 didi
713 1894 955 1978 χαλκῆ,
1002 1893 1081 1956 cf.
1128 1892 1292 1957 Obs.
1338 1914 1401 1977 p.
1435 1893 1550 1969 91,
1599 1890 2007 1955 confirmatur
2055 1889 2392 1956 Alexandri
2437 1894 2745 1977 interpre-

539 2001 785 2064 tatione
829 2021 892 2083 p.
934 1998 1079 2073 474,
1129 1998 1231 2060 17.
1277 2034 1364 2047 -
1421 1995 1719 2081 Denique
1761 1996 1921 2059 033:
1970 1996 2106 2059 ἔστι
2159 1990 2286 2077 γάρ
2332 2018 2409 2059 τι
2452 1989 2490 2059 ὃ
2537 1998 2745 2060 συνεί-

543 2104 788 2182 ληπται
828 2100 908 2186 τῇ
949 2095 1097 2188 ὕλῃ,
1155 2102 1277 2163 nisi
1324 2099 1607 2163 obstaret
1653 2096 1993 2162 Alexandri
2039 2102 2411 2177 auctoritas,
2458 2120 2591 2163 non
2637 2097 2747 2163 du·

541 2205 805 2271 bitarem
854 2225 889 2267 e
925 2201 1111 2267 codd.
1146 2201 1286 2266 ET
1323 2206 1637 2286 recipere:
1682 2203 1819 2266 ἔστι
1859 2195 1988 2288 γάρ
2032 2224 2155 2277 τις
2200 2196 2238 2266 ὃ
2252 2227 2286 2278 ς
2331 2202 2749 2280 συνείληπται

542 2310 622 2398 τῇ
675 2305 813 2398 ὕλῃ.
904 2306 1155 2369 Etenim
1211 2304 1371 2371 illud
1429 2316 1718 2369 neutrum
1776 2328 1841 2368 τι
1897 2308 2049 2370 satis
2106 2304 2437 2369 indefinite
2489 2305 2747 2380 dicitur;

544 2411 743 2497 longe
802 2408 1155 2473 distinctius
1209 2431 1334 2485 τις,
1392 2407 1566 2493 quod
1620 2407 1702 2490 ad
1758 2402 1990 2486 κύκλος
2033 2408 2360 2474 referatur.
2450 2406 2747 2474 Circulus

548 2517 735 2579 etiam
779 2516 845 2578 in
892 2520 1219 2600 segmenta
1266 2510 1592 2590 dividitur,
1652 2520 1749 2575 est
1808 2515 1972 2575 enim
2026 2510 2279 2599 quidam
2324 2512 2595 2577 circulus
2645 2513 2747 2597 qui

546 2641 687 2684 cum
726 2620 985 2682 materia
1018 2615 1271 2693 coaluit,
1314 2626 1654 2702 propterea
1687 2615 1860 2701 quod
1891 2614 2266 2681 universalis
2298 2616 2514 2682 circuli
2543 2617 2749 2681 forma

550 2734 614 2787 et
657 2720 890 2808 singuli
936 2723 1166 2805 quique
1211 2740 1287 2783 ac
1327 2719 1659 2785 sensibiles
1707 2718 1922 2784 circuli
1971 2719 2197 2785 eodem
2244 2720 2462 2785 circuli
2492 2723 2750 2784 nornine

550 2825 955 2890 denotantur.

682 2930 883 2994 10:351>
920 2929 963 2992 3
1008 2925 1329 3012 εἴρηται
1373 2964 1460 2976 -
1504 2928 1591 2991 31
1641 2924 1964 3010 ὁμοίως.
2053 2927 2286 3006 Altera,
2331 2949 2513 3013 quam
2560 2946 2751 3012 supra

548 3035 889 3120 proposuit
930 3052 1052 3094 nec
1090 3028 1351 3105 diremit,
1395 3033 1713 3115 quaestio:
1759 3051 1920 3115 quae
1964 3033 2092 3095 sint
2136 3042 2347 3116 partes
2392 3040 2537 3095 toto
2582 3034 2752 3116 prio·

547 3158 653 3201 res
689 3156 852 3221 quae
889 3154 1041 3212 non,
1086 3156 1273 3219 quum
1311 3155 1383 3198 re
1420 3154 1572 3198 vera
1606 3132 1830 3198 eodem
1862 3144 2108 3219 spectet
2137 3157 2211 3198 ac
2241 3138 2536 3223 superior
2565 3154 2750 3219 quae-

550 3243 693 3317 stio,
719 3258 875 3303 ‘eam
920 3241 1006 3302 ita
1052 3260 1221 3302 nunc
1256 3237 1505 3302 orditur
1541 3248 1850 3314 excutere,
1895 3248 1966 3303 ut
1999 3259 2131 3303 non
2164 3260 2397 3304 novum
2431 3239 2751 3325 quidpiam

550 3363 948 3430 proponere,
1006 3341 1119 3406 sed
1177 3363 1338 3427 quae
1396 3352 1543 3407 ante
1590 3341 1906 3428 disputata
1952 3351 2101 3406 sunt
2147 3341 2513 3430 diligentius
2560 3340 2751 3430 expli-
2800 3370 2805 3374 ·

551 3468 700 3512 care
727 3445 1032 3525 videatur,
1069 3448 1170 3524 ⁶3,
1203 3448 1263 3510 4.
1327 3447 1548 3511 Partes
1581 3448 1882 3524 notionis,
1918 3449 2008 3510 ait
2038 3447 2198 3525 (τοῦ
2225 3442 2426 3529 λόγου
2453 3452 2618 3531 μέρη
2648 3447 2750 3524 δ4,

550 3551 671 3630 τῆς
714 3548 944 3627 οὐσίας
985 3550 1105 3630 τῆς
1141 3544 1313 3614 κατὰ
1347 3545 1466 3614 τὸν
1503 3546 1704 3633 λόγον
1740 3551 1887 3627 ⁶13,
1934 3548 2010 3611 cf.
2045 3547 2125 3612 ad
2155 3549 2226 3614 A
2257 3552 2318 3613 6.
2349 3550 2511 3617 987⁶
2534 3551 2640 3615 21.
2669 3584 2749 3605 --

553 3651 771 3731 ὀξείας
813 3650 1009 3735 λόγος
1037 3656 1139 3731 ῠ7,
1186 3653 1263 3718 cf.
1307 3654 1637 3719 10341128.
1687 3655 1773 3717 Μ
1796 3653 1857 3716 8.
1892 3654 2095 3716 1084ὂ
2123 3654 2220 3733 7),
2263 3656 2304 3717 i.
2339 3675 2391 3718 e.
2437 3662 2631 3717 notae
2679 3674 2753 3716 ex

553 3755 783 3842 quibus
832 3754 1166 3820 conficitur
1210 3760 1492 3822 notionis
1536 3756 1914 3841 descripti0‚
1971 3760 2219 3842 priores
2277 3768 2425 3822 sunt
2470 3760 2754 3832 notione,

553 3859 856 3944 siquidem
903 3870 1056 3924 nota
1103 3859 1421 3945 quaelibet
1467 3863 1735 3947 cogitari
1775 3869 1990 3945 potest
2027 3860 2310 3925 nondum
2352 3864 2628 3948 cogitata
2663 3881 2755 3937 ea,
2818 3874 2827 3885 ‘

555 3986 718 4048 quae
762 3962 912 4027 inde
959 3956 1326 4042 conficitur,
1369 3967 1667 4042 notione,
1720 3985 1855 4029 non
1897 3967 2168 4029 vicissim
2214 3969 2395 4029 notio
2442 3967 2581 4028 sine
2624 3966 2756 4029 suis

555 4070 752 4152 ipsius
797 4071 984 4132 notiS.
1074 4071 1219 4134 Hoc
1263 4066 1514 4153 quidem
1561 4067 1739 4145 loco,
1796 4066 1904 4155 ubi
1964 4066 2045 4131 de
2098 4069 2472 4134 notionibus
2532 4071 2757 4156 agitur,

555 4171 726 4255 quod
775 4170 1132 4257 appellatur
1173 4175 1345 4257 prius
1389 4170 1554 4235 idem
1596 4170 1911 4259 significat
1947 4181 2136 4256 atque
2177 4171 2625 4247 universalium
2672 4182 2759 4236 et-

556 4276 720 4337 enim
769 4278 1015 4361 priores
1063 4275 1360 4339 dicuntur
1405 4286 1619 4354 notae,
1662 4288 1971 4360 quatenus
2020 4276 2425 4363 complexum,
2471 4287 2544 4341 ut
2585 4279 2762 4341 aiunt

556 4374 773 4464 logici,
818 4377 1053 4442 habent
1097 4380 1404 4442 minorem
1452 4379 1799 4466 eademque
1844 4380 1926 4446 de
1971 4400 2157 4445 causa
2194 4380 2492 4446 ambitum
2524 4379 2763 4443 habent

556 4480 925 4566 ampliorem
976 4490 1041 4545 et
1082 4486 1283 4567 magis
1324 4495 1471 4548 sunt
1509 4484 1921 4550 universales.
1988 4483 2120 4549 Sed
2151 4494 2333 4549 caute
2362 4484 2596 4570 ubique
2627 4486 2760 4548 Ari-
