3109 5175
578 355 673 434 44
1419 356 1497 427 Α
1550 354 1615 427 1.
1689 351 1829 432 981
1854 353 1917 430 b.

578 533 702 598 Ars
747 533 1046 617 quoniam
1090 532 1466 620 cognitione
1506 530 1862 618 perficitur,
1917 527 2082 598 tradi
2135 526 2481 614 docerique
2535 537 2778 616 potest3

578 637 850 700 vicissim
895 633 1046 700 inde
1088 634 1266 721 quod
1308 644 1524 721 potest
1567 655 1670 698 ars
1717 633 1965 714 doceri,
2011 635 2399 720 experientia
2444 653 2601 698 vero
2645 654 2781 700 non

577 748 811 824 potest,
856 738 1155 806 concludi
1199 738 1365 817 licet,
1409 741 1530 804 arti
1575 741 1790 824 potius
1835 761 2021 825 quam
2067 739 2495 824 experientiae
2540 735 2785 806 sciendi

577 840 832 907 laudem
879 864 1018 907 esse
1060 841 1522 931 assignandam,
1568 842 1647 905 cf.
1689 841 1847 909 Plat.
1883 842 2085 909 Alcib.
2131 843 2180 906 L
2224 865 2289 928 p.
2322 840 2533 907 ned:
2577 835 2787 908 καλὸν

579 941 793 1025 δήπου
848 939 1194 1031 τεκμήριον
1249 950 1380 1012 τῶν
1438 950 1888 1030 ἐπισταμένων
1932 944 2183 1026 ὁτιοῦν,
2237 940 2340 1010 ὅτι
2381 947 2786 1022 ἐπίστανται,

578 1044 844 1114 ἐπειδὰν
894 1050 1009 1112 καὶ
1066 1043 1272 1115 ἄλλον
1317 1046 1450 1115 οἶοί
1494 1071 1563 1114 τε
1609 1039 1769 1115 ὦσιν
1814 1046 2158 1128 ἀποδεῖξαι
2200 1043 2652 1132 ἐπιστάμενον.
2704 1085 2782 1104 --

577 1154 659 1216 1³9
704 1148 1021 1220 δύνανται
1053 1147 1199 1236 γάρ,
1244 1157 1309 1219 οἱ
1355 1153 1425 1218 δὲ
1460 1148 1541 1218 οὐ
1577 1145 1895 1220 δύνανται
1937 1147 2285 1220 διδάσκειν.
2362 1151 2623 1218 Plenius
2661 1149 2786 1216 dici

577 1265 832 1341 poterat
877 1258 951 1322 οἱ
995 1257 1139 1341 μὲν
1181 1250 1310 1341 γὰρ
1357 1257 1512 1336 (int.
1560 1260 1626 1321 οἱ
1664 1256 1990 1342 τεχνῖται)
2036 1251 2368 1335 δύνανται,
2413 1259 2476 1322 οἱ
2520 1256 2589 1321 δὲ
2634 1259 2784 1336 (int.

579 1361 646 1424 ol
689 1359 1020 1446 ἔμπειροι)
1066 1355 1146 1425 οὐ
1188 1356 1508 1426 δύνανται
1550 1353 1897 1426 διδάσκειν.
1989 1359 2289 1426 Eiusdem
2343 1357 2789 1444 breviloquen-

579 1462 706 1528 tiae
755 1459 1038 1549 exempla
1084 1462 1292 1530 attulit
1338 1466 1594 1551 Kriiger
1636 1485 1730 1552 gr.
1779 1461 1896 1530 Gr.
1942 1461 1999 1548 §.
2033 1465 2134 1541 50,
2183 1465 2243 1527 l.
2290 1463 2364 1526 A.
2408 1463 2512 1529 12.

711 1566 875 1632 98Ιό
916 1567 959 1629 9
1005 1566 1117 1630 ἔτι
1162 1567 1241 1633 δὲ
1284 1569 1436 1634 τῶν
1482 1561 1965 1645 αἰσθήσεων
2013 1602 2095 1617 -
2143 1567 2228 1631 13
2276 1561 2403 1631 ὅτι
2441 1557 2785 1650 θερμόν.

582 1666 835 1734 Causae
879 1670 945 1734 in
991 1671 1363 1757 cognitione
1406 1674 1557 1736 artis
1606 1692 1680 1736 ac
1723 1655 2026 1736 scientiae
2063 1671 2235 1736 cerni
2273 1667 2644 1757 dignitatem
2677 1689 2787 1753 ap-

579 1793 808 1858 parere
851 1770 1006 1837 dicit
1042 1794 1115 1837 ex
1147 1777 1627 1860 comparatione
1658 1794 1973 1839 sensuum.
2042 1774 2294 1840 Etenim
2321 1792 2620 1837 sensuum
2650 1790 2790 1857 per-

583 1878 965 1963 ceptionem,¹
1003 1879 1148 1961 quia
1207 1899 1413 1963 neque
1472 1876 1833 1944 universale
1877 1876 2213 1963 quidquam
2258 1878 2629 1961 concipiunt
2665 1895 2791 1939 nec

585 2001 804 2046 causas
849 1982 1243 2066 perspiciunt
1284 1980 1406 2060 (cf.
1439 1980 1623 2045 Anal.
1669 1990 1836 2068 post.
1875 1982 1904 2048 1
1949 1983 2095 2063 31),
2138 1981 2485 2067 sapientiae
2528 1981 2788 2045 nomine

582 2085 892 2172 insignire
930 2105 1120 2149 nemo
1150 2084 1396 2151 inducit
1426 2086 1717 2163 animum,
1759 2106 2130 2172 quamquam
2161 2106 2368 2150 rerum
2397 2080 2788 2171 singularum

584 2207 807 2250 sensus
853 2197 1000 2253 sunt
1042 2181 1540 2273 κυριώταται
1587 2183 1882 2271 γνώσεις,
1937 2188 2000 2253 1ι.
2040 2210 2093 2254 e.
2152 2208 2354 2274 penes
2409 2207 2633 2251 sensus
2692 2196 2791 2251 est

586 2287 669 2352 de
710 2288 901 2356 rebus
950 2289 1217 2377 singulis
1262 2313 1338 2356 ac
1380 2289 1785 2356 sensibilibus
1828 2290 2105 2356 iudicare
2151 2300 2217 2355 et
2249 2289 2598 2358 decernere
2634 2287 2790 2376 quid

584 2394 667 2456 sit
710 2414 957 2472 verum,
1001 2392 1153 2478 quid
1198 2415 1406 2473 secus,
1452 2393 1532 2459 cf.
1566 2394 1633 2458 Γ
1658 2396 1718 2458 5.
1764 2395 1961 2459 101οὸ
1997 2396 2107 2459 12:
2166 2390 2246 2460 οὐ
2287 2388 2504 2475 δήπου
2546 2389 2791 2479 ὁμοίως

585 2498 779 2580 κυρία
822 2493 865 2575 ἡ
910 2495 1032 2564 τοῦ
1073 2499 1304 2581 ἰατροῦ
1348 2493 1511 2577 δόξα
1556 2498 1668 2562 καὶ
1699 2493 1741 2577 ἡ
1773 2497 1891 2563 τοῦ
1917 2494 2335 2581 ἀγνοοῦντας.
2380 2494 2464 2562 de
2487 2518 2696 2562 somn.
2726 2497 2788 2561 2.

588 2600 748 2666 ‹1601›
782 2603 896 2667 21:
938 2605 1294 2688 κυριωτέρα
1337 2595 1466 2690 γὰρ
1501 2605 1620 2682 τῆς
1651 2597 1833 2691 ἁφῆς
1863 2598 1904 2685 ἡ
1936 2595 2113 2691 ὄψις.
2184 2601 2592 2691 singularum
2623 2603 2790 2665 enim

586 2725 794 2769 rerum
831 2714 1225 2771 externarum
1262 2709 1548 2793 cognitio
1589 2726 1722 2770 non
1768 2705 1952 2770 aliter
1994 2716 2210 2792 potest
2252 2708 2469 2792 quaeri
2516 2726 2636 2770 nec
2679 2704 2791 2768 ali-

590 2807 762 2873 unde
822 2821 919 2872 est
974 2829 1311 2894 suspensa,
1369 2812 1489 2873 nisi
1543 2832 1579 2873 a
1626 2810 1916 2875 sensibus
1971 2810 2092 2891 (cf.
2138 2811 2210 2874 A
2254 2813 2317 2877 9.
2362 2811 2530 2877 993⁶
2576 2811 2644 2875 7:
2699 2799 2791 2873 ὧν

590 2911 768 2977 ἐστὶν
821 2908 1169 2992 αἴσθησις,
1226 2913 1434 2978 ταῦτα
1487 2914 1627 2990 πῶς
1682 2907 1768 2979 ἄν
1814 2936 1914 2989 τις
1954 2905 2048 2997 μὴ
2092 2914 2253 2999 ἔχων
2299 2909 2420 2994 τὴν
2464 2910 2791 2991 αἴσθησιν

588 3016 851 3098 γνοίη),
917 3017 1024 3100 qui
1091 3016 1154 3079 in
1221 3016 1352 3079 suis
1421 3019 1686 3102 quisque
1756 3026 1821 3080 et
1873 3019 2150 3102 propriis
2207 3015 2399 3082 rebus
2456 3037 2790 3102 numquam

588 3117 898 3183 falluntur
952 3117 1071 3185 sed
1112 3138 1329 3183 verum
1375 3117 1609 3205 ubique
1655 3129 2084 3208 cognoscunt,
2140 3119 2207 3183 Γ
2241 3121 2310 3187 5.
2353 3122 2556 3189 lomb
2595 3122 2657 3184 2.
2708 3118 2791 3184 de
2829 3162 2832 3163 ν

590 3223 777 3286 anim.
823 3222 885 3285 11
928 3223 991 3285 6.

722 3327 882 3395 9811»
919 3327 1002 3391 13
1047 3317 1135 3393 τὸ
1179 3327 1322 3410 μὲν
1368 3316 1512 3393 οὖν
1556 3330 1879 3413 πρῶτον
1927 3364 2008 3378 —-
2046 3327 2132 3395 27
2176 3325 2610 3413 ὁμογενῶν.
2679 3327 2793 3393 Ar·
2872 3394 2883 3403 ,

591 3440 691 3495 tes
748 3432 914 3494 inter
968 3451 1040 3495 se
1091 3441 1163 3495 ut
1208 3440 1501 3518 tempore
1544 3433 1932 3497 inventionis
1977 3435 2062 3496 ita
2110 3431 2418 3520 dignitate
2463 3430 2791 3509 differunn

588 3534 891 3599 inventae
936 3536 1100 3599 enim
1147 3538 1413 3622 primum
1463 3557 1577 3600 eae
1621 3546 1769 3601 sunt
1813 3546 1997 3615 artes,
2042 3535 2272 3620 quihus
2315 3538 2485 3600 vitae
2519 3538 2794 3615 necessi·

588 3647 752 3705 tates
781 3639 1294 3725 suppeditantur3
1340 3642 1732 3726 posteriores
1763 3650 2068 3725 tempore,
2112 3638 2229 3703 sed
2264 3638 2576 3727 dignitate
2607 3660 2798 3726 supe·

591 3745 798 3809 riores
843 3764 958 3809 eae
1005 3754 1419 3820 accesserunt,
1464 3763 1627 3828 quae
1673 3740 1753 3807 ad
1798 3741 2124 3809 liberalem
2176 3745 2346 3809 vitae
2381 3744 2614 3811 cultum
2648 3763 2794 3828 per-

593 3848 822 3922 tinent;
870 3845 1145 3932 denique
1189 3857 1261 3912 ut
1303 3856 1630 3934 postremo
1677 3849 1974 3915 inventae
2018 3858 2182 3925 suut,
2225 3850 2310 3913 ita
2343 3868 2645 3915 summum
2677 3844 2797 3915 ob-

593 3952 800 4017 tinent
842 3948 1166 4038 dignitatis
1209 3949 1475 4039 gradum
1523 3972 1638 4015 eae
1681 3961 1882 4029 arteS,
1935 3972 2096 4037 quae
2151 3951 2235 4019 ab
2295 3954 2467 4017 omui
2525 3972 2648 4017 usu
2693 3971 2794 4017 ex-

595 4064 803 4119 emtae
843 4075 921 4117 ac
972 4052 1215 4119 liberae
1273 4058 1462 4120 unice
1506 4056 1572 4119 in
1619 4054 2113 4140 contemplando
2161 4077 2272 4134 eo,
2328 4052 2504 4140 quod
2552 4044 2648 4119 est
2688 4074 2797 4117 ve·-

592 4178 750 4235 rum,
792 4167 1141 4238 versantur,
1184 4158 1244 4222 h.
1277 4181 1331 4223 e.
1378 4168 1546 4224 artes
1592 4158 1998 4227 theoreticae.
2044 4195 2126 4211 —
2171 4153 2249 4229 τὸ
2293 4162 2413 4244 μὲν
2458 4149 2577 4225 οὖν
2621 4158 2798 4244 πρῶ-
2853 4184 2858 4189 ·

594 4283 712 4325 τον
770 4282 843 4326 ex
903 4260 1147 4347 aliquot
1190 4259 1377 4325 codd.
1426 4265 1866 4329 consentiente
1912 4261 2211 4350 Asclepio
2258 4277 2351 4341 et,
2409 4274 2480 4328 ut
2523 4250 2797 4341 videtur,

596 4363 958 4429 Alexandro
1015 4364 1292 4452 praetuli
1347 4364 1645 4453 vulgatae
1702 4365 1964 4431 lectioni
2019 4359 2138 4435 τὸν
2191 4369 2312 4450 μὲν
2357 4356 2476 4431 οὖν
2515 4367 2798 4452 πρῶτον,

595 4470 759 4554 quia,
802 4471 854 4533 si
901 4479 1236 4554 sequentes
1283 4472 1766 4537 enunciationes
1812 4469 2178 4551 contuleris,
2230 4482 2496 4561 apparet
2535 4492 2669 4538 non
2715 4470 2798 4535 de
