3109 5175
541 371 688 445 266
1346 373 1414 443 A
1471 370 1582 443 19.
1668 367 1855 443 1022
1867 392 1934 443 a.

543 567 677 612 non
724 558 820 613 est
864 545 1119 611 aliunde
1163 567 1499 632 suspensa,
1560 567 1696 611 eam
1754 569 1830 611 ex
1886 545 2082 610 allato
2142 544 2430 633 exemplo
2479 556 2745 632 apparet

545 674 581 716 a
624 654 827 736 prima
869 650 1338 740 significatione
1384 671 1517 716 non
1560 649 1823 716 multum
1871 649 2149 715 differre.
2199 686 2280 701 —
2341 648 2590 735 Quinto
2636 649 2744 715 de-

543 758 736 841 nique
781 754 928 819 loco
970 757 1134 821 a35:
1193 757 1287 819 ἔτι
1342 749 1473 821 ὅσα
1529 752 1713 839 μόνῳ
1768 749 2041 837 ὑπάρχει
2095 755 2208 818 καὶ
2250 745 2291 839 ᾗ
2332 750 2574 839 μόνον,
2633 754 2745 819 du-

544 859 713 923 bium
768 862 871 923 vix
930 871 1028 924 est
1082 862 1234 944 quin
1289 852 1366 922 τὸ
1421 856 1591 923 ἴδιον
1646 841 1910 944 proprio
1968 857 2153 922 buius
2208 857 2507 923 vocabuli
2554 880 2741 924 sensu

547 962 922 1029 Aristoteles
965 962 1310 1050 significari
1355 960 1649 1038 voluerit,
1692 962 1773 1027 cf.
1822 963 1990 1046 Top.
2030 961 2058 1024 1
2103 963 2167 1026 5.
2216 962 2382 1026 102ae
2422 965 2531 1028 18:
2576 962 2746 1030 ἴδιον

545 1064 603 1130 δ’
643 1069 821 1131 ἐστὶν
864 1062 901 1131 ὅ
947 1060 1039 1150 μὴ
1086 1067 1277 1145 δηλοῖ
1317 1068 1436 1150 μὲν
1479 1063 1566 1131 τὸ
1622 1069 1688 1129 τί
1744 1055 1829 1145 ἦν
1887 1062 2079 1142 εἶναι,
2135 1061 2320 1148 μόνῳ
2377 1063 2436 1129 δ’
2476 1062 2747 1156 ὑπάρχει

545 1171 657 1235 καὶ
700 1167 1307 1258 ἀντικατηγορεῖται
1350 1170 1467 1234 τοῦ
1510 1163 1928 1254 πράγματος,
1972 1165 2118 1233 οἷον
2160 1166 2332 1234 ἰ’διον
2376 1166 2748 1253 ἀνθρώπου

545 1268 623 1339 τὸ
665 1276 1124 1358 γραμματικῆς
1169 1267 1335 1337 εἶναι
1379 1268 1673 1337 δεκτικόν
1716 1274 1881 1350 κτλ..,
1927 1294 2003 1336 ac
2043 1283 2297 1358 praeter
2340 1272 2503 1339 alios
2550 1276 2749 1361 Topi-

546 1398 765 1442 corum
801 1377 985 1442 locos
1024 1376 1328 1464 plurimos
1363 1380 1726 1441 universum
1761 1374 1990 1442 libmm
2021 1378 2103 1455 V,
2142 1381 2245 1462 qui
2278 1380 2345 1441 in
2378 1377 2747 1443 excutienda

546 1481 667 1546 τοῦ
708 1482 879 1546 ἰδίου
921 1493 1144 1546 natura
1185 1492 1490 1546 versatur.
1555 1479 1632 1545 Id
1676 1500 1834 1546 vero
1879 1483 1935 1545 si
1976 1479 2188 1545 voluit
2217 1483 2324 1545 Ar.
2370 1483 2747 1570 significare,

547 1584 838 1671 equidem
897 1607 1028 1650 non
1086 1583 1410 1672 intelligo,
1467 1584 1795 1670 quomodo
1855 1585 2136 1669 scribere
2188 1590 2472 1672 potuerit
2514 1578 2557 1666 ἦ
2599 1582 2748 1672 μό-

547 1712 722 1768 νον,
776 1689 1177 1755 scribendum
1225 1692 1438 1777 potius
1483 1701 1622 1754 erat
1663 1679 1702 1779 ᾖ
1746 1683 1998 1772 μόνῳ,
2057 1712 2240 1775 quam
2296 1690 2636 1756 lectionem
2685 1700 2750 1755 et

552 1792 867 1859 editiones
898 1793 1042 1859 Ald.
1073 1792 1259 1879 Sylb.
1295 1804 1361 1858 et
1387 1797 1569 1859 Bess.
1616 1791 1936 1857 exhibent.
2012 1795 2152 1859 Nec
2194 1799 2481 1881 proxima
2523 1794 2748 1859 verba:

549 1892 653 1962 διὸ
707 1895 788 1964 τό
849 1900 1321 1985 κεχωρισμένον
1377 1893 1545 1963 καθ’
1592 1890 1773 1973 αὑτό,
1831 1896 2130 1963 videntur
2181 1898 2476 1985 explicari
2527 1919 2747 1985 posse3

551 2005 783 2067 etenim
828 1998 905 2084 τῤ
949 2006 1421 2089 κεχωρισμένον
1464 2004 1567 2065 vix
1612 2000 1797 2066 aliter
1839 2005 2141 2088 accipias,
2200 2025 2383 2089 quam
2430 2015 2500 2067 ut
2542 2006 2625 2067 sit
2667 2000 2750 2080 id,

551 2104 726 2191 quod
781 2128 897 2193 per
953 2128 1022 2171 se
1081 2120 1146 2172 et
1189 2105 1481 2171 absolute
1527 2115 1628 2170 est
1669 2127 1878 2190 neque
1924 2107 2096 2172 aliud
2140 2108 2479 2194 quidquam
2524 2106 2607 2171 ad
2654 2129 2751 2171 ex-

553 2213 899 2275 sistentiam
945 2213 1224 2296 requirit,
1272 2210 1351 2274 cf.
1389 2210 1467 2274 ad
1509 2212 1573 2274 Z
1599 2211 1657 2274 1.
1700 2211 1909 2276 1023«
1934 2214 2048 2288 34;
2096 2211 2269 2298 quod
2315 2211 2567 2299 quidem
2613 2232 2750 2274 cum

551 2324 775 2379 natura
820 2316 940 2379 τοῦ
984 2316 1154 2379 ὶὸίου
1197 2313 1378 2378 nullo
1424 2312 1620 2378 modo
1668 2314 1986 2379 cohaeret.
2061 2318 2177 2381 His
2221 2328 2292 2381 ut
2333 2315 2592 2380 medear
2635 2314 2752 2379 dif-

552 2415 956 2496 ficultatibuS,
1001 2421 1295 2504 suspicor
1338 2416 1741 2482 scribendum
1788 2440 1956 2483 esse:
2011 2420 2103 2484 ἔτι
2148 2415 2276 2500 ὅσα
2320 2414 2503 2504 μόνῳ
2542 2415 2753 2502 ὑπάρ-

546 2542 649 2607 χει
693 2521 804 2585 καὶ
853 2511 894 2612 ᾖ
950 2517 1202 2609 μόνῳ,
1260 2515 1479 2585 διότι
1533 2524 1688 2602 (int.
1746 2523 1942 2590 τοῦτο
1997 2522 2102 2588 vel
2160 2525 2501 2605 τοιοῦτον)
2559 2545 2754 2610 κεχω-

551 2631 862 2712 ρισμένον
916 2624 1084 2692 καθ’
1127 2619 1320 2703 αὑτό,
1374 2626 1434 2690 h.
1468 2648 1523 2691 e.
1584 2625 1815 2692 dicitur
1870 2625 2036 2692 καθ’
2084 2621 2246 2693 αὐτὸ
2306 2624 2643 2715 ὑπάρχειν,
2699 2630 2755 2692 si

554 2730 708 2815 quid
752 2729 878 2795 soli
922 2730 1111 2796 alicui
1154 2733 1250 2795 rei
1293 2730 1618 2807 tribuitur,
1676 2742 1988 2816 quatenus
2044 2731 2170 2797 soli
2228 2730 2549 2810 tribuitur,
2610 2735 2752 2819 quia

556 2836 642 2898 ita
691 2856 766 2899 ea
811 2856 931 2914 rea,
975 2839 1074 2901 cui
1121 2833 1244 2899 soli
1288 2832 1450 2900 illud
1495 2828 1813 2915 tribuitur,
1851 2834 2094 2900 seclusa
2141 2859 2176 2901 a
2221 2835 2480 2922 reliquis
2527 2856 2643 2922 per
2684 2858 2754 2901 se

560 2951 673 3005 est.
763 2942 847 3006 Et
903 2936 1070 3006 διότι
1124 2939 1377 3026 quidem
1423 2962 1542 3026 pro
1592 2935 1694 3006 διὸ
1739 2936 1817 3005 τό
1865 2963 1938 3005 ex
1984 2961 2090 3028 mg
2133 2939 2277 3005 cod.
2320 2939 2393 3004 E
2432 2950 2755 3005 enotatum

558 3055 686 3119 est;
736 3066 879 3109 voc.
926 3043 1304 3133 ὡρισμένον,
1349 3043 1524 3129 quod
1570 3043 1738 3109 idem
1783 3043 1925 3109 cod.
1971 3044 2166 3108 habet
2209 3064 2330 3131 pro
2375 3046 2759 3129 κεχωρισμέ-

557 3169 706 3225 νον,
764 3148 1044 3234 probare
1102 3146 1549 3227 dubitaverim,
1610 3170 1981 3234 quamquam
2039 3159 2253 3235 aptum
2313 3159 2437 3225 est,
2494 3151 2635 3233 quia
2683 3169 2758 3212 ex

559 3272 702 3316 voc.
747 3255 1219 3337 κεχωρισμένον
1261 3250 1504 3317 facilius
1553 3252 1901 3339 explicatur
1937 3274 2069 3317 var.
2111 3251 2257 3318 lect.
2293 3255 2758 3339 κεχρωσμένων.

560 3354 691 3420 Sed
748 3377 896 3421 num
954 3356 1075 3420 hac
1131 3358 1494 3422 coniectura
1553 3360 1896 3444 genuinam
1949 3360 2323 3444 scripturam
2364 3357 2515 3419 mihi
2560 3358 2761 3420 conti-

561 3462 729 3548 gerit
771 3463 1136 3540 restituisse,
1180 3482 1574 3549 magnopere
1617 3460 1872 3537 dubito;
1923 3460 2280 3526 Alexander
2320 3463 2444 3525 iam
2491 3459 2760 3525 eundem

561 3563 784 3629 babuit
826 3575 1080 3644 textum,
1124 3569 1233 3651 qui
1275 3587 1448 3631 nunc
1488 3565 1803 3653 vulgatur.

694 3669 798 3733 De
847 3668 1115 3733 formula
1158 3665 1325 3733 καθ’
1364 3665 1526 3735 αὑτό
1573 3670 1652 3733 cf.
1695 3668 1775 3734 ad
1807 3671 1869 3734 Z
1894 3675 1955 3735 4.
1989 3670 2197 3733 10290
2225 3669 2326 3747 14,
2355 3671 2461 3734 29.
2523 3666 2759 3733 Trend.

567 3774 714 3838 Kat.
761 3795 823 3858 p.
856 3774 974 3849 59;
1021 3772 1182 3837 alios
1227 3769 1411 3838 locos
1453 3775 1659 3853 Arist„
1703 3777 1811 3861 qui
1853 3786 2002 3839 sunt
2046 3772 2128 3839 de
2173 3772 2394 3838 eadem
2439 3793 2528 3850 re,
2570 3769 2765 3836 colle-

567 3881 662 3965 git
709 3878 931 3943 Waitz
974 3878 1138 3965 Org.
1182 3878 1257 3942 ὃὸ
1298 3879 1400 3942 16.

1418 4141 1650 4216 CAP.
1712 4141 1918 4216 XIX.

703 4301 1024 4369 Vocabuli
1083 4298 1474 4379 διάθεσις
1528 4304 2058 4392 significationem
2119 4324 2192 4367 ex
2248 4306 2385 4390 ipsa
2446 4304 2581 4366 eius
2633 4312 2768 4385 ety-

569 4407 855 4498 mologia
891 4410 995 4472 Ar.
1034 4417 1328 4494 repetere
1367 4406 1595 4484 studet,
1640 4407 1752 4473 sed
1799 4431 1919 4473 uec
1960 4410 2293 4472 notionem
2332 4418 2625 4471 accurate
2662 4402 2770 4467 de-

571 4514 727 4592 finit,
773 4525 845 4578 ut
876 4534 914 4577 a
943 4512 1318 4579 notionibus
1354 4510 1670 4592 affinibus,
1715 4511 1913 4577 veluti
1953 4509 2092 4591 ἕξις,
2134 4505 2386 4588 πάθος,
2423 4507 2771 4597 distingua-
