3109 5175
2424 353 2520 428 35

294 523 658 593 Ciceronis
702 522 884 590 libris
931 523 1013 590 de
1049 534 1273 590 natura
1313 523 1578 591 deorum
1623 523 1704 589 ad
1740 525 1903 590 hanc
1937 529 2373 613 quaestionem
2410 527 2518 593 de-

290 629 531 707 fertur,
576 631 643 693 iu
687 630 1049 693 universum
1090 626 1344 715 quidem
1388 626 1471 693 de
1514 626 1743 694 ordine
1786 653 1862 694 ae
1909 633 2162 697 ratione
2207 630 2514 697 librorum

290 733 891 821 metaphysicorum
920 731 1261 797 Brandisio
1290 731 1544 797 videtur
1572 735 1881 800 assentire
1910 732 1991 815 (l.
2025 733 2066 798 1.
2098 758 2161 821 p.
2192 736 2379 814 271),
2410 755 2519 800 ne-

294 859 438 925 que
473 835 673 903 totam
705 839 1140 923 quaestionem
1176 834 1259 901 de
1288 838 1544 925 integro
1576 840 1997 924 persequitur,
2027 837 2142 903 sed
2173 841 2515 925 praecipue

297 961 444 1028 quo
490 951 783 1028 tempore
830 951 895 1005 et
938 938 1102 1005 ordo
1149 949 1219 1014 et
1259 938 1478 1005 titulus
1522 961 1698 1006 nune
1740 940 2033 1029 vulgatus
2077 944 2145 1006 in
2188 963 2366 1008 usum
2413 964 2517 1007 ve-

296 1048 453 1110 nire
497 1047 788 1131 coeperit
829 1046 1124 1131 inquirit,
1175 1054 1248 1108 ut
1300 1041 1453 1108 inde
1503 1042 1927 1133 intelligatur,
1983 1065 2110 1129 quo
2156 1049 2517 1131 pertineant

298 1151 641 1214 notissima
686 1145 796 1212 illa
843 1159 909 1212 et
951 1146 1214 1213 multum
1259 1145 1610 1232 disceptata
1653 1147 1846 1212 verba
1877 1146 2216 1213 Ciceronis
2261 1147 2343 1213 de
2384 1160 2513 1215 nat.

300 1252 494 1317 deor.
538 1252 570 1316 1
617 1252 728 1331 13,
787 1249 1016 1337 quibus
1059 1249 1467 1316 Aristotelem
1515 1253 1584 1314 in
1627 1254 1817 1315 tertio
1865 1249 1946 1315 de
1991 1250 2396 1337 philosophia
2440 1249 2517 1316 li-

298 1356 432 1423 bro
468 1354 664 1422 multa
696 1354 984 1419 turbasse
1022 1352 1276 1419 iudicat.
1346 1353 1441 1418 Ea
1476 1352 1673 1418 verba
1709 1352 2045 1418 referenda
2082 1375 2221 1419 esse
2255 1354 2516 1422 demon-

299 1468 471 1525 strat
512 1457 594 1524 ad
639 1458 1232 1546 Metaphysieorum
1278 1456 1511 1523 librum
1542 1460 1637 1523 A.
1714 1456 2069 1524 Phaedrum
2114 1469 2338 1538 autem,
2383 1462 2516 1548 pbi-

300 1562 653 1649 losophum
696 1562 1106 1648 Epium-eum,
1165 1563 1342 1627 cuius
1402 1583 1439 1626 e
1490 1560 1666 1627 libro
1719 1561 1870 1646 περὶ
1915 1562 2130 1641 θεῶν,
2186 1585 2394 1650 neque
2439 1585 2516 1632 ex

298 1668 465 1754 ipsis
508 1678 795 1730 veterum
840 1663 1366 1752 philosophorum
1409 1666 1690 1751 seriptis,
1747 1662 1987 1732 Cicero
2030 1665 2310 1734 hauserit
2351 1688 2516 1752 quae

301 1769 395 1836 de
439 1789 661 1835 eorum
701 1768 953 1855 placitis
996 1780 1239 1846 narret,
1295 1789 1479 1834 usum
1533 1768 1742 1834 videri
1795 1768 2079 1836 editione
2125 1769 2515 1856 metaphysi-

302 1895 529 1940 oorum
576 1895 613 1938 a
654 1876 798 1939 viro
845 1872 1041 1938 docto
1089 1871 1536 1952 Alexandrino,
1584 1872 1856 1940 fortasse
1900 1873 1981 1938 ab
2011 1873 2380 1961 HermippO,
2423 1878 2517 1942 in·

300 1986 562 2056 structa,
604 1979 673 2042 in
718 1997 843 2063 qua
883 1979 1125 2065 primae
1162 1976 1613 2066 philosophiae
1648 1977 1965 2042 institutio
2004 1976 2305 2042 conclusa
2346 1988 2517 2044 esset

302 2081 407 2145 his
450 2080 653 2146 tribus
699 2078 877 2146 libris
905 2080 1123 2147 ,ΔΚΛ
1168 2090 1233 2147 et
1274 2079 1649 2171 significata,
1692 2079 2041 2146 secundum
2090 2079 2315 2146 librum
2351 2079 2422 2146 K
2449 2080 2511 2146 3.

308 2185 514 2250 loelb
544 2185 603 2262 5,
648 2185 711 2249 4.
744 2186 949 2251 106Ιὸ
978 2187 1065 2250 25
1103 2184 1513 2275 φιλοσοφίας
1543 2185 1836 2261 nomine;
1875 2204 2002 2250 nee
2033 2195 2244 2250 tamen
2278 2182 2514 2252 debere

304 2309 429 2354 nos
474 2286 782 2375 deceptos
825 2290 1099 2354 nominis
1136 2286 1553 2354 similitudine
1585 2288 1708 2356 hos
1746 2287 1948 2354 libros
1988 2287 2247 2354 eosdem
2287 2299 2514 2374 putare

303 2392 519 2469 fuisse,
564 2402 755 2479 atque
799 2413 915 2459 eos
957 2413 1121 2479 quos
1164 2391 1315 2476 περὶ
1348 2393 1761 2483 φιλοσοφίας
1801 2413 1874 2458 se
1911 2393 2241 2480 seripsisse
2273 2393 2514 2458 Aristo·

306 2494 471 2560 teles
513 2495 851 2582 aliquoties
898 2505 1366 2562 commemorat.
1402 2531 1481 2549 --
1528 2496 1707 2562 Haeo
1749 2498 2086 2574 sententia,
2128 2517 2168 2560 a
2212 2494 2510 2562 Krischio

306 2597 500 2665 docte
545 2611 609 2666 et
653 2610 837 2666 acute
882 2603 1185 2687 exposita,
1230 2609 1305 2666 ut
1346 2610 1446 2666 est
1485 2603 1640 2667 satis
1682 2598 2034 2687 probabilis
2082 2609 2145 2665 et
2189 2598 2274 2665 ad
2318 2597 2510 2685 expli*

306 2702 511 2768 eunde
550 2703 753 2769 verba
796 2705 1133 2772 Ciceronis
1176 2706 1516 2792 aptissima,
1567 2707 1660 2769 ita
1701 2715 1803 2770 tot
1839 2706 2064 2770 nititur
2106 2706 2507 2783 coniecturis,

306 2818 378 2872 ut
406 2805 490 2872 ad
526 2818 766 2873 certum
800 2807 1101 2897 iudicium
1137 2828 1273 2873 eam
1309 2828 1506 2894 posse
1539 2806 1775 2874 adduci
1805 2810 1909 2875 vix
1945 2806 2347 2883 crediderim
2393 2803 2511 2873 sed

308 2912 549 2976 etiamsi
607 2922 784 2979 certo
842 2922 1191 2992 constaret,
1245 2910 1326 2978 ab
1385 2913 1744 2997 antiquiore
1802 2910 2018 2999 aliquo
2083 2910 2328 2978 editore
2388 2911 2510 2974 hos

307 3023 434 3079 tres
478 3008 681 3081 fibros
724 3015 941 3082 AKA
985 3025 1299 3103 tamquam
1344 3018 1687 3082 continuos
1733 3017 2110 3083 coniunctos
2157 3016 2384 3092 fuisse,
2428 3012 2510 3078 ad

307 3118 820 3206 cognoscendum
866 3121 1211 3211 genuinum
1255 3119 1842 3207 Metaphysicorum
1888 3118 2180 3187 ordinem
2224 3118 2291 3195 id
2337 3127 2510 3183 certe

306 3242 437 3287 non
494 3225 869 3308 pertineret,
926 3226 1225 3308 quoniam
1270 3214 1432 3289 hae'c
1473 3218 1777 3289 librorum
1823 3225 2194 3293 coniunctio
2242 3219 2507 3308 vulgato

304 3346 473 3393 nunc
513 3324 825 3395 librorum
870 3325 1103 3395 ordine
1143 3347 1281 3397 non
1322 3325 1549 3425 melior
1594 3325 1706 3394 sed
1751 3324 1856 3393 vel
1903 3330 2108 3393 minus
2154 3334 2302 3419 apta
2351 3331 2465 3388 est.
