3109 5175
618 387 764 463 468
1391 389 1476 457 Κ
1524 383 1635 460 12.
1722 383 2050 459 1068αὸ.

619 565 1045 652 oppositionis
1075 562 1449 652 generibus:
1487 557 1636 629 οὕτε
1668 557 1796 650 γὰρ
1830 563 1984 642 κτλ.,
2023 561 2103 627 cf.
2125 561 2322 649 Phys.
2342 562 2408 624 V
2432 565 2491 628 1.
2522 563 2691 630 225«
2719 566 2839 630 lo:

618 667 661 750 ἡ
705 663 832 756 γὰρ
884 664 1001 734 οὐκ
1044 665 1115 746 ἐξ
1156 664 1583 751 ὑποκειμένου
1628 672 1718 743 εἰς
1759 661 1853 750 μὴ
1897 663 2325 752 ὑποκείμενον
2370 663 2490 732 οὐκ
2538 669 2674 733 ἔστι
2714 690 2836 753 με·

620 766 874 855 ταβολὴ
922 764 1033 836 διὰ
1077 767 1154 837 τὸ
1198 765 1293 856 μὴ
1337 767 1504 837 εἶναι
1547 766 1695 835 κατ’
1734 766 2118 837 ἀντίθεσιν·
2178 763 2326 836 οὔτε
2382 763 2512 857 γὰρ
2560 774 2834 838 ἐναντία

619 870 768 943 οὔτε
813 872 1173 965 ἀντίφασίς
1215 878 1408 940 ἐστιν.

1491 1124 1721 1202 CAP.
1786 1127 1961 1203 XII.

753 1272 965 1338 10680
993 1272 1075 1335 ll
1125 1271 1261 1335 ἔστι
1304 1266 1432 1358 γὰρ
1479 1272 1778 1357 θατέρου
1819 1273 2045 1356 μηθὲν
2086 1266 2621 1357 μεταβάλλοντος
2663 1269 2832 1353 ἀλη-

619 1372 958 1441 θεύεσθαι
1011 1367 1309 1458 θάτερον
1365 1376 1592 1456 μηθὲν
1643 1370 2081 1458 μεταβάλλον.
2174 1377 2351 1440 Haec
2402 1375 2654 1463 quidem
2701 1400 2829 1441 ma-

617 1479 854 1544 nifesto
903 1488 1231 1563 corrupta;
1277 1476 1391 1542 sed
1436 1500 1559 1543 nec
1589 1477 1780 1564 Phys.
1827 1490 2048 1558 textus,
2094 1480 2161 1543 in
2207 1500 2335 1565 quo
2383 1484 2558 1566 prius
2602 1483 2831 1565 μηθὲν

619 1583 944 1659 omittitur,
987 1601 1177 1645 sanus
1220 1579 1425 1646 videri
1464 1594 1710 1668 potest3
1756 1604 1964 1670 neque
2003 1584 2167 1647 enim
2207 1606 2423 1671 verum
2466 1596 2577 1664 est,
2620 1589 2689 1649 in
2729 1606 2828 1649 re-

614 1686 734 1751 bus
779 1684 1082 1761 relativis,
1127 1688 1180 1749 si
1226 1684 1426 1750 altera
1469 1697 1705 1751 mutata
1749 1689 1849 1764 sit,
1897 1685 2174 1765 alteram,
2218 1685 2372 1752 licet
2413 1699 2648 1753 mutata
2688 1709 2828 1754 non

615 1794 730 1870 sit,
788 1810 940 1854 vere
985 1792 1304 1856 etiamtum
1349 1808 1544 1874 posse
1590 1787 1970 1876 praedicari;
2029 1800 2264 1855 mutata
2324 1794 2490 1857 enim
2546 1796 2684 1878 ipsa
2729 1803 2831 1857 est

613 1894 864 1960 relatio.
952 1894 1151 1957 Immo
1195 1903 1538 1979 propterea
1586 1916 1720 1959 non
1768 1893 1891 1958 alia
1941 1898 2061 1959 nisi
2108 1895 2515 1962 accidentalis
2561 1899 2827 1961 mutatio

614 1999 809 2066 tribui
859 2006 1076 2085 potest
1119 2000 1212 2062 rei
1252 1997 1580 2077 relativae,
1622 2001 1787 2084 quia,
1834 1998 1987 2063 licet
2027 2012 2264 2066 mutata
2301 2022 2438 2066 non
2473 2005 2570 2078 sit,
2614 2011 2828 2065 tamen

618 2113 683 2169 et
727 2107 864 2190 ipsa
922 2101 1197 2166 afficitur
1250 2105 1603 2168 mutatione
1655 2102 1913 2168 alterius
1967 2107 2092 2183 rei,
2149 2103 2231 2169 ad
2290 2127 2474 2192 quam
2530 2105 2825 2170 refertur.

615 2208 836 2294 ltaque
863 2204 1218 2270 addendam
1247 2214 1393 2270 ante
1421 2202 1892 2286 ἀληθεύεσθαι
1921 2212 2329 2296 negationem
2358 2235 2405 2294 μ
2422 2205 2466 2287 ή
2494 2220 2642 2296 apte
2673 2230 2827 2273 con-

616 2313 769 2375 iecit
810 2309 1050 2387 Schw„
1106 2330 1270 2395 quae
1326 2312 1695 2374 coniectura
1738 2331 1874 2375 non
1918 2311 2125 2377 solum
2170 2335 2289 2399 per
2333 2311 2479 2378 lect.
2531 2311 2675 2377 cod.
2716 2312 2824 2392 Ab,

616 2413 733 2480 sed
779 2416 966 2478 etiam
1010 2433 1086 2476 ex
1132 2423 1463 2476 comment.
1496 2412 1719 2500 Simpl.
1750 2414 1964 2480 Schol.
2006 2418 2169 2483 3971»
2196 2420 2281 2482 12
2327 2416 2688 2483 confirmari
2731 2420 2825 2481 vi-

615 2517 821 2584 detur.
870 2554 950 2567 —
993 2518 1147 2582 1125.
1224 2516 1492 2602 Aptiora
1538 2517 1791 2604 quidem
1839 2530 2003 2599 sunt,
2049 2542 2211 2607 quae
2256 2522 2449 2608 Phys.
2497 2520 2821 2598 exhibent3

615 2625 849 2690 retinui
894 2634 1105 2687 tamen
1150 2621 1470 2709 vulgatam
1517 2621 1875 2703 lectionem,
1922 2630 2220 2711 quoniam
2266 2626 2417 2691 ferri
2464 2637 2695 2712 potest.

749 2728 952 2791 106812
992 2727 1210 2791 1-4.
1279 2726 1632 2791 Turbatum
1679 2731 2018 2814 antiquitus
2050 2729 2241 2815 Phys.
2291 2731 2477 2795 etiam
2514 2730 2577 2795 h.
2608 2729 2651 2793 l.
2692 2738 2824 2794 tex—

550 2860 559 2869 ·
615 2841 746 2896 tum
806 2851 977 2909 esse,
1036 2851 1223 2916 quum
1281 2832 1508 2895 iterata
1570 2830 1790 2897 eadem
1846 2832 2039 2897 verba
2085 2832 2381 2899 librarios
2425 2836 2491 2899 in
2540 2853 2822 2898 errorem

615 2935 954 3011 traherent,
1000 2932 1233 2999 Graeci
1277 2936 1659 3021 interpretes
1706 2946 1899 3001 testes
1946 2948 2110 3016 sunt,
2154 2937 2232 3001 cf.
2273 2937 2487 3002 Schol.
2517 2938 2687 3003 398⁶
2710 2939 2822 3001 25.

613 3041 699 3104 Et
738 3040 1062 3125 posterior
1092 3036 1343 3123 quidem
1376 3043 1942 3126 argumentationis
1980 3063 2156 3126 pars:
2195 3046 2250 3106 εὶ
2284 3035 2366 3121 δὴ
2410 3078 2493 3090 -
2533 3037 2681 3106 τότε
2719 3064 2822 3125 γι-

614 3139 936 3229 γνόμενον
977 3144 1211 3206 rectius
1257 3144 1322 3205 in
1365 3141 1494 3207 hoc
1531 3155 1832 3231 excerpto
1870 3143 2103 3209 tradita
2140 3156 2240 3210 est
2276 3167 2459 3231 quam
2500 3148 2566 3209 in
2597 3144 2821 3230 Physi-

617 3248 723 3324 cis»,
768 3255 837 3311 ut
874 3242 1091 3309 deleto
1131 3257 1440 3311 commate
1477 3256 1627 3332 post
1663 3244 1838 3313 τοῦτ’
1879 3253 2219 3336 genuinam
2259 3253 2631 3336 scripturam
2668 3270 2818 3335 pos-

615 3352 806 3415 simus
851 3346 1056 3413 videri
1101 3351 1467 3414 restituisse.
1541 3351 1619 3419 In
1660 3355 1875 3438 priore
1921 3363 2127 3418 autem
2173 3363 2358 3440 parte
2405 3375 2536 3419 non
2581 3352 2819 3418 sufficit

616 3476 755 3519 cum
788 3451 928 3517 cod.
962 3453 1033 3517 Ε
1060 3461 1124 3517 et
1153 3453 1342 3538 Phys.
1386 3452 1576 3519 codd.
1609 3476 1817 3541 prope
1855 3459 2147 3522 omnibus
2186 3458 2512 3523 articulum
2549 3452 2628 3521 τό
2665 3466 2818 3544 post

611 3548 696 3639 ἦν
736 3560 1045 3635 omittere,
1089 3566 1162 3622 ut
1201 3551 1591 3641 γιγνόμενον
1632 3579 1755 3645 pro
1799 3560 2165 3645 praedicato
2204 3562 2530 3641 habeatur,
2573 3560 2691 3627 sed
2724 3565 2817 3625 vi-

612 3659 797 3727 detur
835 3672 1166 3747 practerea
1200 3683 1321 3748 pro
1359 3660 1531 3750 vulg.
1567 3658 1956 3747 γιγνόμενον
2000 3657 2045 3744 ἢ
2080 3661 2451 3750 γενόμενον,
2492 3665 2597 3729 vel
2637 3665 2814 3751 quod

609 3769 679 3831 in
724 3765 916 3852 Phys.
962 3764 1291 3831 exhibetur
1332 3762 1722 3851 γιγνόμενον
1771 3769 1884 3832 καὶ
1939 3763 2355 3853 γιγνόμενον,
2412 3768 2811 3835 scribendum

609 3865 1102 3955 γιγνόμενον
1140 3864 1655 3953 γιγνόμενον,
1691 3871 1770 3937 cf.
1794 3873 1910 3937 ⁶8:
1945 3866 2022 3936 τὸ
2056 3868 2445 3958 γιγνόμενον
2480 3869 2644 3939 ὅταν
2676 3879 2811 3961 γε·

609 3995 855 4053 νηται
898 3973 1131 4060 (Phys.
1172 3974 1516 4056 γίγνηται)
1560 3970 2076 4059 γιγνόμενον.
2153 3977 2410 4043 Dictum
2457 3991 2666 4045 autem
2713 3989 2813 4044 est

610 4070 997 4161 γιγνόμενον
1036 4071 1424 4162 γιγνόμενον
1469 4075 1691 4142 eadem
1724 4078 2194 4167 significatione
2232 4104 2309 4147 ac
2341 4086 2590 4169 γένεσις
2631 4088 2811 4169 γενέ·

611 4199 788 4259 σεως,
829 4177 1168 4266 μεταβολὴ
1211 4181 1586 4265 μεταβολῆς
1632 4192 1695 4246 et
1739 4182 1983 4251 similia.
