3109 5175
549 356 694 432 23ss
1375 357 1446 429 Δ
1491 354 1567 430 6.
1649 355 1836 430 1016
1849 379 1916 429 α.

549 534 742 599 Unde
784 534 861 598 fit
902 542 974 598 ut
1014 534 1571 620 primaria.suapte
1604 542 1830 599 natura
1867 534 2126 598 materia
2161 531 2358 598 modo
2393 532 2757 620 simpliciter

546 634 770 727 πρώτη
816 638 1060 702 dicatur
1111 637 1169 703 Θ
1215 640 1273 702 7.
1325 640 1532 703 1049σ
1571 640 1687 716 25,
1743 636 1941 702 modo
1995 635 2218 701 eadem
2262 637 2605 702 τελευταία
2648 636 2753 702 vel

548 737 787 827 ἐσχάτη
821 744 897 806 Λ
925 743 988 806 3.
1027 743 1230 807 10691»
1255 743 1362 807 35.
1418 744 1623 808 1070«
1651 744 1757 808 20.
1826 744 1978 805 -Hoc
2022 740 2273 825 quidem
2319 740 2403 805 de
2445 761 2578 826 quo
2624 746 2757 828 agi-

548 869 683 911 mus
728 845 877 911 loco
923 841 1188 932 πρώτην
1227 840 1394 923 ὕλην
1437 845 1567 910 dici
1622 849 1996 931 proximam,
2054 841 2319 929 πρώτην
2359 839 2528 931 πρὸς
2570 840 2754 923 αὐτό,

546 948 698 1014 inde
753 952 1167 1036 cognoscitur
1221 948 1398 1036 quod
1451 952 1930 1015 remotissimam
1984 948 2067 1013 ab
2126 950 2266 1034 ipsa
2314 970 2388 1013 re
2431 954 2754 1014 materiam

548 1053 816 1132 deinde,
865 1053 978 1119 ubi
1036 1054 1327 1141 exemplo
1372 1076 1504 1118 rem
1552 1053 1828 1119 illustrat
1874 1054 2010 1117 ⁶23
2053 1045 2132 1117 τὸ
2178 1053 2456 1136 ἔσχατον
2495 1050 2755 1119 daml-

546 1179 749 1241 μενον
805 1156 984 1234 dicit,
1043 1157 1215 1223 uude
1272 1169 1772 1223 consentaneum
1832 1166 1953 1236 est,
2011 1165 2203 1220 antea
2254 1159 2440 1219 etiam
2486 1156 2753 1222 eandem

546 1260 865 1327 vocabulo
913 1262 1284 1327 τελευταῖον
1327 1261 1745 1348 significatam
1784 1282 1943 1337 esse,
1987 1264 2335 1345 proximam
2367 1271 2583 1325 autem,
2610 1283 2751 1326 voc.

546 1369 826 1454 πρῶτον.
917 1363 1020 1430 Cf.
1081 1364 1164 1429 de
1221 1367 1490 1430 notione
1545 1368 1804 1453 πρῶτος
1845 1365 2079 1430 Waitz
2132 1364 2214 1429 ad
2271 1365 2431 1452 Org.
2482 1368 2596 1431 711·
2647 1367 2752 1431 16.

552 1472 672 1535 16⁶
709 1472 772 1534 6.
831 1470 948 1533 66⁶
984 1469 1092 1533 2⁰.

678 1577 755 1654 c)
804 1575 1010 1638 10160
1034 1575 1341 1639 24-32,
1415 1574 1617 1640 Sicuti
1661 1575 1855 1642 rebus
1898 1575 2107 1649 unitas
2152 1572 2455 1638 tribuitur
2496 1594 2575 1637 ex
2616 1575 2755 1640 uni*

549 1688 678 1743 tate
722 1681 1022 1743 materiae
1061 1677 1142 1742 ad
1174 1677 1455 1744 diversas
1485 1680 1720 1743 formas
1753 1678 2025 1757 effictae,
2069 1680 2155 1741 ita
2186 1681 2374 1742 etiam
2404 1700 2480 1743 ex
2510 1681 2755 1744 unitate

547 1785 804 1868 generis
863 1785 1181 1868 oppositis
1227 1786 1394 1846 inter
1437 1805 1506 1848 se
1553 1782 1933 1847 differentiis
1976 1782 2295 1868 specificis
2337 1781 2754 1848 detenuinati.

547 1886 725 1950 Haec
765 1889 973 1951 unitas
1020 1889 1080 1951 ei
1124 1908 1286 1973 quae
1330 1888 1617 1972 proxime
1646 1885 1969 1953 antecedit
1997 1908 2079 1951 eo
2113 1888 2310 1973 magis
2338 1897 2558 1971 potest
2587 1908 2756 1952 com·

548 1993 774 2075 parari,
818 1993 959 2076 quia
1006 2012 1212 2078 genus
1249 1994 1427 2076 quasi
1461 1994 1720 2056 materia
1761 2013 1900 2056 esse
1930 1989 2182 2055 videtur
2212 1989 2590 2055 differentiis
2620 1993 2753 2077 qui-

548 2093 670 2159 bus
713 2094 1183 2174 determinatur,
1228 2095 1307 2160 cf.
1353 2097 1459 2162 28.
1502 2097 1705 2161 1024&
1734 2097 1956 2161 3—9.
2001 2096 2135 2161 18.
2174 2096 2384 2161 10580
2408 2096 2514 2160 23.
2561 2097 2616 2160 Δ
2644 2097 2750 2160 24.

553 2200 752 2264 102312
787 2200 849 2263 2.
907 2200 973 2262 Ζ
1010 2202 1069 2264 7.
1117 2201 1325 2264 1033α
1359 2200 1577 2264 2-4.
1639 2201 1740 2264 12.
1789 2201 1996 2264 1038α
2033 2201 2096 2264 5.
2171 2200 2266 2263 Ita
2312 2199 2505 2263 homo
2554 2221 2752 2284 equus

549 2305 719 2366 canis
764 2305 1006 2368 unitate
1052 2305 1488 2382 continentur,
1542 2307 1688 2389 quia
1733 2302 1903 2369 idem
1946 2323 2183 2390 genus,
2228 2302 2485 2382 animal,
2528 2321 2753 2367 omnes

549 2406 1007 2492 complectitur.
1074 2406 1202 2471 Sed
1248 2410 1316 2471 in
1360 2407 1458 2472 his
1498 2406 1834 2472 discrimen
1873 2406 2193 2493 quoddam
2235 2406 2753 2472 anitnadvertisse

547 2511 670 2575 sibi
704 2510 956 2575 videtur
985 2509 1381 2589 AristoteleS,
1427 2516 1480 2574 si
1525 2532 1691 2598 quae
1734 2513 1862 2576 sint
1907 2523 2219 2576 extremae
2260 2532 2573 2600 generum
2613 2532 2754 2598 spe-

549 2619 707 2695 cies,
764 2616 994 2701 quibus
1049 2636 1185 2681 non
1225 2615 1406 2687 ,aliae
1462 2619 1687 2681 iterum
1745 2617 1991 2700 species
2048 2615 2493 2692 subiicienda-3
2554 2615 2754 2681 veluti

549 2720 930 2807 triangulum
989 2722 1426 2805 aequicrumm
1484 2732 1549 2785 et
1604 2719 1954 2798 scalenum,
2018 2742 2181 2806 quae
2238 2733 2386 2786 sunt
2438 2731 2754 2786 extremae

547 2823 891 2911 figurarum
949 2826 1223 2909 species,
1280 2846 1417 2889 non
1473 2824 1769 2889 dicuntur
1827 2845 1967 2891 esse
2022 2825 2095 2888 ἓν
2149 2827 2469 2908 τρίγωνον
2525 2824 2641 2890 sed
2682 2826 2756 2890 ἓν

549 2929 801 3015 σχῆμα,
847 2931 992 3015 quia
1037 2928 1366 3016 trianguli,
1409 2928 1524 2994 sed
1571 2950 1705 2993 non
1752 2931 1900 2992 item
1946 2928 2193 3014 figurae
2239 2927 2616 2994 differentiis
2659 2932 2755 2995 in-

550 3042 648 3096 ter
704 3055 773 3096 se
830 3032 1325 3119 distinguuntur.
1417 3032 1707 3111 (Eodem
1760 3031 2049 3118 exemplo
2096 3033 2260 3096 hanc
2303 3054 2433 3097 rem
2470 3032 2754 3097 ‘illustrat

548 3134 926 3200 Aristoteles
968 3136 1163 3219 Phys.
1209 3135 1306 3199 IV
1351 3138 1454 3201 14.
1500 3138 1669 3201 224α
1709 3138 1807 3217 4.)
1883 3135 2279 3223 Quamquam
2324 3136 2486 3202 illud
2531 3136 2753 3201 dictio-

545 3243 646 3304 nis
689 3243 905 3325 potius
951 3250 1050 3303 est
1093 3261 1275 3324 quam
1322 3244 1419 3305 rei
1463 3239 1816 3319 discrimen,
1862 3262 2005 3307 nam
2050 3244 2485 3325 aequicmrum
2524 3252 2589 3305 et
2620 3263 2753 3305 sca·

545 3343 761 3408 lenum
818 3344 1201 3431 triangulum
1260 3350 1329 3409 ἕν
1385 3367 1526 3411 esse
1584 3356 1947 3423 censentur,
2006 3356 2317 3429 quatenus
2371 3356 2523 3410 sunt
2562 3347 2754 3410 triau-

547 3447 728 3535 gula,
786 3447 900 3512 sed
945 3470 1084 3513 non
1125 3450 1195 3513 ἓν
1235 3450 1585 3534 τρίγωνον,
1647 3473 1769 3516 nec
1817 3472 1976 3515 vero
2022 3460 2173 3514 sunt
2210 3451 2283 3514 sn
2327 3452 2579 3534 σχῆμα,
2636 3450 2753 3514 sed

547 3563 814 3639 propter
856 3552 923 3617 id
964 3556 1201 3640 ipsum,
1258 3553 1433 3640 quod
1477 3566 1627 3619 sunt
1680 3554 1869 3620 ambo
1926 3552 2271 3641 triangula,
2331 3552 2550 3619 eadem
2606 3563 2755 3621 sunt

547 3657 617 3722 ἓν
660 3651 829 3733 εἶδος
875 3653 1226 3741 σχήματος.
1276 3696 1356 3708 -
1404 3660 1498 3722 Ea
1542 3658 1756 3737 verba,
1803 3658 2032 3745 quibus
2078 3659 2237 3729 baec
2276 3657 2616 3742 peculiaris
2658 3679 2757 3723 ra·

550 3763 640 3826 tio
669 3766 1022 3848 specierum
1058 3773 1468 3831 extremarum
1499 3762 1911 3851 significatur,
1946 3759 2054 3828 ὁτὲ
2089 3762 2161 3826 δὲ
2190 3755 2265 3826 τὸ
2296 3755 2434 3837 ἄνω
2468 3796 2551 3814 --
2583 3758 2756 3827 ἀνωφ

549 3870 709 3951 repa>
754 3863 1017 3945 τούτων,
1062 3866 1396 3932 manifesto
1443 3866 1787 3953 depravata
1832 3877 1999 3932 sunt.
2079 3866 2244 3930 Nam
2288 3860 2375 3929 τὰ
2414 3866 2755 3930 τελευταῖα

548 3973 668 4035 τοῦ
722 3973 950 4053 γένους
1004 3968 1172 4049 εἴδη,
1238 3969 1440 4036 veluti
1498 3970 1879 4060 triangulum
1945 3971 2381 4054 aequicrurum
2439 3979 2506 4033 et
2560 3967 2756 4035 scale

549 4096 718 4151 num,
762 4094 895 4137 non
941 4087 1216 4159 possunt
1259 4078 1394 4161 ipsa
1441 4073 1565 4139 dici
1610 4069 1704 4141 τὰ.
1738 4071 2043 4162 ἀνωτέρω
2088 4069 2353 4153 τούτων,
2404 4095 2599 4159 quum
2640 4094 2757 4158 per

549 4199 735 4262 pron.
781 4173 1029 4244 τούτων
1073 4182 1248 4265 ipsae
1288 4178 1728 4266 significentur
1762 4181 2009 4263 species
2049 4178 2324 4244 ultimae.
2392 4178 2612 4262 ltaque
2642 4198 2757 4241 ue-

551 4303 728 4346 cesse
788 4293 884 4346 est
941 4305 1077 4347 cum
1127 4282 1490 4347 Alexandro
1549 4306 1609 4368 p.
1648 4284 1798 4361 327,
1846 4286 1883 4348 7
1927 4278 2006 4348 τὸ
2062 4280 2365 4366 ἀνωτέρω
2424 4280 2753 4345 sciibatur.

552 4387 886 4451 Praeterea
947 4391 1000 4451 si
1061 4389 1346 4452 omiseris
1405 4381 1443 4449 ὅ
1499 4397 1652 4451 ante
1709 4382 1981 4465 ταύτόν,
2040 4398 2107 4451 et
2160 4382 2238 4452 τὸ
2297 4383 2601 4471 ἀνωτέρω
2642 4405 2758 4470 per

551 4492 1024 4577 appositionem
1084 4490 1516 4577 explicativam
1576 4494 1979 4557 coniunxeris
2037 4512 2175 4557 αα
2231 4484 2310 4555 τὸ
2366 4483 2505 4556 ἄνευ
2554 4493 2756 4572 γένος,

553 4596 765 4658 omnia
812 4599 962 4661 satis
1010 4604 1197 4661 erunt
1240 4593 1450 4680 plana.
