<?xml version="1.0" encoding="UTF-8"?>
<!DOCTYPE html PUBLIC "-//W3C//DTD XHTML 1.0 Transitional//EN"
    "http://www.w3.org/TR/xhtml1/DTD/xhtml1-transitional.dtd">
<html xmlns="http://www.w3.org/1999/xhtml" xml:lang="en" lang="en">
 <head>
  <title>
</title>
<meta http-equiv="Content-Type" content="text/html;charset=utf-8" />
  <meta name='ocr-system' content='tesseract 3.04.00' />
  <meta name='ocr-capabilities' content='ocr_page ocr_carea ocr_par ocr_line ocrx_word'/>
</head>
<body>
  <div class='ocr_page' id='page_1' title='image "aristotelismeta01bonigoog_0142.png"; bbox 0 0 3109 5175; ppageno 0'>
   <div class='ocr_carea' id='block_1_1' title="bbox 584 344 1905 425">
    <p class='ocr_par' dir='ltr' id='par_1_1' title="bbox 584 344 1905 425">
     <span class='ocr_line' id='line_1_1' title="bbox 584 344 1905 425; baseline -0.004 -3"><span class='ocrx_word' id='word_1_1' title='bbox 584 348 720 425; x_wconf 81' lang='grc'>132</span> <span class='ocrx_word' id='word_1_2' title='bbox 1435 372 1485 417; x_wconf 88' lang='grc' dir='ltr'>α</span> <span class='ocrx_word' id='word_1_3' title='bbox 1532 344 1604 420; x_wconf 79' lang='grc'>2.</span> <span class='ocrx_word' id='word_1_4' title='bbox 1679 344 1905 419; x_wconf 71' lang='lat'>9940.</span> 
     </span>
    </p>
   </div>
   <div class='ocr_carea' id='block_1_2' title="bbox 578 520 2785 1234">
    <p class='ocr_par' dir='ltr' id='par_1_2' title="bbox 578 520 2780 716">
     <span class='ocr_line' id='line_1_2' title="bbox 579 520 2780 610; baseline -0.003 -19"><span class='ocrx_word' id='word_1_5' title='bbox 579 548 721 591; x_wconf 89' lang='lat' dir='ltr'>nem</span> <span class='ocrx_word' id='word_1_6' title='bbox 757 545 890 588; x_wconf 91' lang='lat' dir='ltr'>non</span> <span class='ocrx_word' id='word_1_7' title='bbox 926 544 1082 602; x_wconf 89' lang='lat' dir='ltr'>esse,</span> <span class='ocrx_word' id='word_1_8' title='bbox 1116 521 1304 588; x_wconf 81' lang='lat' dir='ltr'>facile</span> <span class='ocrx_word' id='word_1_9' title='bbox 1342 521 1670 600; x_wconf 82' lang='lat' dir='ltr'><strong>concedet,</strong></span> <span class='ocrx_word' id='word_1_10' title='bbox 1709 524 1815 607; x_wconf 89' lang='lat' dir='ltr'>qui</span> <span class='ocrx_word' id='word_1_11' title='bbox 1852 524 2106 610; x_wconf 86' lang='lat' dir='ltr'>integro</span> <span class='ocrx_word' id='word_1_12' title='bbox 2142 520 2378 585; x_wconf 88' lang='lat' dir='ltr'>iudicio</span> <span class='ocrx_word' id='word_1_13' title='bbox 2414 542 2546 585; x_wconf 89' lang='lat' dir='ltr'>rem</span> <span class='ocrx_word' id='word_1_14' title='bbox 2583 524 2780 607; x_wconf 83' lang='lat' dir='ltr'>ipsam</span> 
     </span>
     <span class='ocr_line' id='line_1_3' title="bbox 578 631 2313 716; baseline -0.004 -23"><span class='ocrx_word' id='word_1_15' title='bbox 578 631 972 716; x_wconf 85' lang='lat' dir='ltr'>spectaverit.</span> <span class='ocrx_word' id='word_1_16' title='bbox 2304 692 2313 699; x_wconf 60' lang='grc'><strong><em>,</em></strong></span> 
     </span>
    </p>

    <p class='ocr_par' dir='ltr' id='par_1_3' title="bbox 579 727 2785 1234">
     <span class='ocr_line' id='line_1_4' title="bbox 708 727 2785 805; baseline -0.002 -9"><span class='ocrx_word' id='word_1_17' title='bbox 708 733 860 796; x_wconf 82' lang='grc' dir='ltr'>Νοη</span> <span class='ocrx_word' id='word_1_18' title='bbox 909 750 1050 795; x_wconf 88' lang='lat' dir='ltr'>esse</span> <span class='ocrx_word' id='word_1_19' title='bbox 1096 727 1391 792; x_wconf 86' lang='lat' dir='ltr'>deorsum</span> <span class='ocrx_word' id='word_1_20' title='bbox 1437 728 1746 793; x_wconf 85' lang='lat' dir='ltr'>infinitam</span> <span class='ocrx_word' id='word_1_21' title='bbox 1788 749 2109 792; x_wconf 85' lang='lat' dir='ltr'>causarum</span> <span class='ocrx_word' id='word_1_22' title='bbox 2148 730 2389 805; x_wconf 89' lang='lat' dir='ltr'>seriem,</span> <span class='ocrx_word' id='word_1_23' title='bbox 2433 738 2507 791; x_wconf 89' lang='lat' dir='ltr'>ut</span> <span class='ocrx_word' id='word_1_24' title='bbox 2544 749 2617 792; x_wconf 89' lang='lat' dir='ltr'>ex</span> <span class='ocrx_word' id='word_1_25' title='bbox 2658 728 2785 791; x_wconf 87' lang='lat' dir='ltr'>hoc</span> 
     </span>
     <span class='ocr_line' id='line_1_5' title="bbox 580 830 2783 919; baseline -0.002 -19"><span class='ocrx_word' id='word_1_26' title='bbox 580 835 875 910; x_wconf 89' lang='lat' dir='ltr'>alterum,</span> <span class='ocrx_word' id='word_1_27' title='bbox 933 855 1006 897; x_wconf 89' lang='lat' dir='ltr'>ex</span> <span class='ocrx_word' id='word_1_28' title='bbox 1063 832 1267 896; x_wconf 89' lang='lat' dir='ltr'>altero</span> <span class='ocrx_word' id='word_1_29' title='bbox 1328 835 1578 896; x_wconf 85' lang='lat' dir='ltr'>tertium</span> <span class='ocrx_word' id='word_1_30' title='bbox 1631 834 1747 897; x_wconf 83' lang='lat' dir='ltr'>fiat</span> <span class='ocrx_word' id='word_1_31' title='bbox 1791 846 1854 896; x_wconf 90' lang='lat' dir='ltr'>et</span> <span class='ocrx_word' id='word_1_32' title='bbox 1896 834 2330 919; x_wconf 80' lang='lat' dir='ltr'>generationis</span> <span class='ocrx_word' id='word_1_33' title='bbox 2374 830 2521 895; x_wconf 86' lang='lat' dir='ltr'>finis</span> <span class='ocrx_word' id='word_1_34' title='bbox 2570 831 2783 897; x_wconf 90' lang='lat' dir='ltr'>nullus</span> 
     </span>
     <span class='ocr_line' id='line_1_6' title="bbox 580 934 2784 1024; baseline -0.003 -20"><span class='ocrx_word' id='word_1_35' title='bbox 580 942 689 1017; x_wconf 80' lang='lat' dir='ltr'>sit,</span> <span class='ocrx_word' id='word_1_36' title='bbox 733 940 999 1024; x_wconf 86' lang='lat' dir='ltr'>primum</span> <span class='ocrx_word' id='word_1_37' title='bbox 1047 935 1128 999; x_wconf 92' lang='lat' dir='ltr'>de</span> <span class='ocrx_word' id='word_1_38' title='bbox 1173 935 1477 999; x_wconf 84' lang='lat' dir='ltr'>materiali</span> <span class='ocrx_word' id='word_1_39' title='bbox 1512 958 1712 1001; x_wconf 75' lang='lat' dir='ltr'>causa</span> <span class='ocrx_word' id='word_1_40' title='bbox 1758 936 2153 1022; x_wconf 87' lang='lat' dir='ltr'>comprobat,</span> <span class='ocrx_word' id='word_1_41' title='bbox 2201 935 2495 999; x_wconf 90' lang='lat' dir='ltr'>distincta</span> <span class='ocrx_word' id='word_1_42' title='bbox 2543 934 2784 1022; x_wconf 82' lang='lat' dir='ltr'>signifi-</span> 
     </span>
     <span class='ocr_line' id='line_1_7' title="bbox 583 1038 2785 1125; baseline -0.003 -18"><span class='ocrx_word' id='word_1_43' title='bbox 583 1044 832 1107; x_wconf 85' lang='lat' dir='ltr'>catione</span> <span class='ocrx_word' id='word_1_44' title='bbox 878 1038 1187 1103; x_wconf 81' lang='lat' dir='ltr'>formulae</span> <span class='ocrx_word' id='word_1_45' title='bbox 1233 1040 1301 1102; x_wconf 72' lang='grc' dir='ltr'>ἔκ</span> <span class='ocrx_word' id='word_1_46' title='bbox 1346 1061 1519 1113; x_wconf 82' lang='grc' dir='ltr'><em>τινος</em></span> <span class='ocrx_word' id='word_1_47' title='bbox 1564 1042 1934 1123; x_wconf 76' lang='grc' dir='ltr'><strong><em>γίγνεσθαι.</em></strong></span> <span class='ocrx_word' id='word_1_48' title='bbox 2027 1041 2319 1125; x_wconf 89' lang='lat' dir='ltr'>Seposita</span> <span class='ocrx_word' id='word_1_49' title='bbox 2368 1041 2533 1102; x_wconf 88' lang='lat' dir='ltr'>enim</span> <span class='ocrx_word' id='word_1_50' title='bbox 2582 1060 2656 1101; x_wconf 88' lang='lat' dir='ltr'>ea</span> <span class='ocrx_word' id='word_1_51' title='bbox 2702 1040 2785 1102; x_wconf 89' lang='lat' dir='ltr'>si-</span> 
     </span>
     <span class='ocr_line' id='line_1_8' title="bbox 579 1136 2785 1234; baseline -0.003 -25"><span class='ocrx_word' id='word_1_52' title='bbox 579 1145 1011 1234; x_wconf 81' lang='lat' dir='ltr'>gnificatione,</span> <span class='ocrx_word' id='word_1_53' title='bbox 1048 1163 1210 1227; x_wconf 90' lang='lat' dir='ltr'>quae</span> <span class='ocrx_word' id='word_1_54' title='bbox 1246 1139 1326 1204; x_wconf 82' lang='lat' dir='ltr'>ad</span> <span class='ocrx_word' id='word_1_55' title='bbox 1361 1146 1664 1228; x_wconf 88' lang='lat' dir='ltr'>temporis</span> <span class='ocrx_word' id='word_1_56' title='bbox 1700 1143 2027 1208; x_wconf 82' lang='lat' dir='ltr'>decursum</span> <span class='ocrx_word' id='word_1_57' title='bbox 2064 1147 2353 1228; x_wconf 78' lang='lat' dir='ltr'><strong>pertinet,</strong></span> <span class='ocrx_word' id='word_1_58' title='bbox 2386 1138 2479 1227; x_wconf 86' lang='grc' dir='ltr'>μὴ</span> <span class='ocrx_word' id='word_1_59' title='bbox 2516 1138 2602 1216; x_wconf 80' lang='grc' dir='ltr'>ὡς</span> <span class='ocrx_word' id='word_1_60' title='bbox 2632 1136 2785 1204; x_wconf 81' lang='grc' dir='ltr'>τόδε</span> 
     </span>
    </p>
   </div>
   <div class='ocr_carea' id='block_1_3' title="bbox 580 1238 2894 1332">
    <p class='ocr_par' dir='ltr' id='par_1_4' title="bbox 580 1238 2894 1332">
     <span class='ocr_line' id='line_1_9' title="bbox 580 1238 2894 1332; baseline -0.002 -21"><span class='ocrx_word' id='word_1_61' title='bbox 580 1251 854 1332; x_wconf 76' lang='grc' dir='ltr'><strong><em>λέγομεν</em></strong></span> <span class='ocrx_word' id='word_1_62' title='bbox 896 1238 1062 1328; x_wconf 74' lang='grc' dir='ltr'><em>μετὰ</em></span> <span class='ocrx_word' id='word_1_63' title='bbox 1106 1239 1254 1308; x_wconf 82' lang='grc' dir='ltr'><em>τόδε</em></span> <span class='ocrx_word' id='word_1_64' title='bbox 1300 1247 1444 1322; x_wconf 63' lang='lat'>1522,</span> <span class='ocrx_word' id='word_1_65' title='bbox 1490 1246 1568 1309; x_wconf 87' lang='lat' dir='ltr'>cf.</span> <span class='ocrx_word' id='word_1_66' title='bbox 1616 1246 1670 1310; x_wconf 88' lang='lat' dir='ltr'><em>A</em></span> <span class='ocrx_word' id='word_1_67' title='bbox 1712 1247 1818 1309; x_wconf 77' lang='lat'>24.</span> <span class='ocrx_word' id='word_1_68' title='bbox 1868 1248 2067 1311; x_wconf 62' lang='lat'>10235</span> <span class='ocrx_word' id='word_1_69' title='bbox 2104 1248 2163 1324; x_wconf 85' lang='lat'>8,</span> <span class='ocrx_word' id='word_1_70' title='bbox 2210 1249 2446 1332; x_wconf 84' lang='lat' dir='ltr'>quippe</span> <span class='ocrx_word' id='word_1_71' title='bbox 2492 1265 2654 1329; x_wconf 90' lang='lat' dir='ltr'>quae</span> <span class='ocrx_word' id='word_1_72' title='bbox 2698 1242 2779 1307; x_wconf 88' lang='lat' dir='ltr'>ab</span> <span class='ocrx_word' id='word_1_73' title='bbox 2882 1250 2894 1263; x_wconf 92' lang='lat'><em>&#39;</em></span> 
     </span>
    </p>
   </div>
   <div class='ocr_carea' id='block_1_4' title="bbox 555 1346 2786 4539">
    <p class='ocr_par' dir='ltr' id='par_1_5' title="bbox 555 1346 2786 4539">
     <span class='ocr_line' id='line_1_10' title="bbox 579 1346 2783 1435; baseline -0.002 -21"><span class='ocrx_word' id='word_1_74' title='bbox 579 1351 700 1414; x_wconf 88' lang='lat' dir='ltr'>hac</span> <span class='ocrx_word' id='word_1_75' title='bbox 743 1352 1115 1435; x_wconf 80' lang='lat' dir='ltr'>quaestione</span> <span class='ocrx_word' id='word_1_76' title='bbox 1160 1346 1367 1410; x_wconf 87' lang='lat' dir='ltr'>aliena</span> <span class='ocrx_word' id='word_1_77' title='bbox 1412 1352 1510 1427; x_wconf 89' lang='lat' dir='ltr'>sit,</span> <span class='ocrx_word' id='word_1_78' title='bbox 1557 1349 1896 1434; x_wconf 84' lang='lat' dir='ltr'>dupliciter</span> <span class='ocrx_word' id='word_1_79' title='bbox 1940 1350 2049 1413; x_wconf 87' lang='lat' dir='ltr'>illa</span> <span class='ocrx_word' id='word_1_80' title='bbox 2094 1348 2364 1414; x_wconf 78' lang='lat' dir='ltr'>formula</span> <span class='ocrx_word' id='word_1_81' title='bbox 2410 1358 2783 1433; x_wconf 86' lang='lat' dir='ltr'>usurpatur;</span> 
     </span>
     <span class='ocr_line' id='line_1_11' title="bbox 581 1446 2785 1518; baseline -0.003 0"><span class='ocrx_word' id='word_1_82' title='bbox 581 1453 844 1518; x_wconf 88' lang='lat' dir='ltr'>dicimus</span> <span class='ocrx_word' id='word_1_83' title='bbox 903 1454 1067 1516; x_wconf 89' lang='lat' dir='ltr'>enim</span> <span class='ocrx_word' id='word_1_84' title='bbox 1126 1446 1388 1514; x_wconf 89' lang='lat' dir='ltr'>alterum</span> <span class='ocrx_word' id='word_1_85' title='bbox 1451 1473 1524 1515; x_wconf 83' lang='lat' dir='ltr'>ex</span> <span class='ocrx_word' id='word_1_86' title='bbox 1585 1451 1787 1516; x_wconf 89' lang='lat' dir='ltr'>altero</span> <span class='ocrx_word' id='word_1_87' title='bbox 1842 1450 1985 1516; x_wconf 88' lang='lat' dir='ltr'>fieri</span> <span class='ocrx_word' id='word_1_88' title='bbox 2042 1453 2147 1516; x_wconf 83' lang='lat' dir='ltr'>vel</span> <span class='ocrx_word' id='word_1_89' title='bbox 2201 1456 2291 1517; x_wconf 89' lang='lat' dir='ltr'>sic</span> <span class='ocrx_word' id='word_1_90' title='bbox 2336 1463 2406 1515; x_wconf 90' lang='lat' dir='ltr'>ut</span> <span class='ocrx_word' id='word_1_91' title='bbox 2448 1455 2547 1516; x_wconf 82' lang='lat' dir='ltr'>vir</span> <span class='ocrx_word' id='word_1_92' title='bbox 2588 1450 2666 1513; x_wconf 79' lang='lat' dir='ltr'>fit</span> <span class='ocrx_word' id='word_1_93' title='bbox 2708 1469 2785 1513; x_wconf 85' lang='lat' dir='ltr'>ex</span> 
     </span>
     <span class='ocr_line' id='line_1_12' title="bbox 578 1553 2786 1644; baseline -0.003 -22"><span class='ocrx_word' id='word_1_94' title='bbox 578 1577 800 1644; x_wconf 89' lang='lat' dir='ltr'>puero,</span> <span class='ocrx_word' id='word_1_95' title='bbox 845 1554 951 1618; x_wconf 85' lang='lat' dir='ltr'>vel</span> <span class='ocrx_word' id='word_1_96' title='bbox 997 1558 1086 1618; x_wconf 87' lang='lat' dir='ltr'>sic</span> <span class='ocrx_word' id='word_1_97' title='bbox 1129 1565 1200 1619; x_wconf 93' lang='lat' dir='ltr'>ut</span> <span class='ocrx_word' id='word_1_98' title='bbox 1243 1560 1354 1617; x_wconf 68' lang='lat' dir='ltr'>aer</span> <span class='ocrx_word' id='word_1_99' title='bbox 1397 1554 1471 1616; x_wconf 85' lang='lat' dir='ltr'>fit</span> <span class='ocrx_word' id='word_1_100' title='bbox 1518 1576 1590 1617; x_wconf 83' lang='lat' dir='ltr'>ex</span> <span class='ocrx_word' id='word_1_101' title='bbox 1637 1577 1814 1640; x_wconf 87' lang='lat' dir='ltr'>aqua.</span> <span class='ocrx_word' id='word_1_102' title='bbox 1893 1557 1984 1620; x_wconf 72' lang='lat' dir='ltr'>,Et</span> <span class='ocrx_word' id='word_1_103' title='bbox 2027 1559 2092 1619; x_wconf 89' lang='lat' dir='ltr'>in</span> <span class='ocrx_word' id='word_1_104' title='bbox 2137 1554 2247 1620; x_wconf 81' lang='lat' dir='ltr'>illa</span> <span class='ocrx_word' id='word_1_105' title='bbox 2290 1553 2547 1641; x_wconf 87' lang='lat' dir='ltr'>quidem</span> <span class='ocrx_word' id='word_1_106' title='bbox 2590 1574 2786 1640; x_wconf 86' lang='lat' dir='ltr'>gene-</span> 
     </span>
     <span class='ocr_line' id='line_1_13' title="bbox 577 1656 2786 1747; baseline -0.003 -23"><span class='ocrx_word' id='word_1_107' title='bbox 577 1659 760 1724; x_wconf 88' lang='lat' dir='ltr'>randi</span> <span class='ocrx_word' id='word_1_108' title='bbox 806 1661 1053 1722; x_wconf 87' lang='lat' dir='ltr'>ratione</span> <span class='ocrx_word' id='word_1_109' title='bbox 1099 1677 1232 1721; x_wconf 89' lang='lat' dir='ltr'>non</span> <span class='ocrx_word' id='word_1_110' title='bbox 1276 1661 1431 1721; x_wconf 88' lang='lat' dir='ltr'>novi</span> <span class='ocrx_word' id='word_1_111' title='bbox 1479 1656 1815 1742; x_wconf 80' lang='lat' dir='ltr'>quidquam</span> <span class='ocrx_word' id='word_1_112' title='bbox 1873 1679 1946 1723; x_wconf 89' lang='lat' dir='ltr'>ex</span> <span class='ocrx_word' id='word_1_113' title='bbox 1991 1663 2128 1744; x_wconf 90' lang='lat' dir='ltr'>ipsa</span> <span class='ocrx_word' id='word_1_114' title='bbox 2173 1660 2594 1747; x_wconf 81' lang='lat' dir='ltr'>generatione</span> <span class='ocrx_word' id='word_1_115' title='bbox 2641 1678 2786 1720; x_wconf 85' lang='lat' dir='ltr'>eva-</span> 
     </span>
     <span class='ocr_line' id='line_1_14' title="bbox 579 1758 2785 1847; baseline -0.002 -21"><span class='ocrx_word' id='word_1_116' title='bbox 579 1763 701 1840; x_wconf 88' lang='lat' dir='ltr'>dit,</span> <span class='ocrx_word' id='word_1_117' title='bbox 759 1758 877 1826; x_wconf 84' lang='grc' dir='ltr'>οὐκ</span> <span class='ocrx_word' id='word_1_118' title='bbox 922 1766 991 1824; x_wconf 81' lang='grc' dir='ltr'>ὲκ</span> <span class='ocrx_word' id='word_1_119' title='bbox 1034 1762 1152 1837; x_wconf 80' lang='grc' dir='ltr'>τῆς</span> <span class='ocrx_word' id='word_1_120' title='bbox 1193 1763 1500 1842; x_wconf 76' lang='grc' dir='ltr'><em>γενέσεως</em></span> <span class='ocrx_word' id='word_1_121' title='bbox 1539 1763 1653 1837; x_wconf 74' lang='lat' dir='ltr'>bl,</span> <span class='ocrx_word' id='word_1_122' title='bbox 1711 1760 1825 1824; x_wconf 88' lang='lat' dir='ltr'>sed</span> <span class='ocrx_word' id='word_1_123' title='bbox 1884 1761 1951 1825; x_wconf 82' lang='lat' dir='ltr'>id</span> <span class='ocrx_word' id='word_1_124' title='bbox 2008 1761 2181 1847; x_wconf 89' lang='lat' dir='ltr'>quod</span> <span class='ocrx_word' id='word_1_125' title='bbox 2226 1766 2345 1826; x_wconf 87' lang='lat' dir='ltr'>iam</span> <span class='ocrx_word' id='word_1_126' title='bbox 2390 1758 2590 1823; x_wconf 85' lang='lat' dir='ltr'>fiendi</span> <span class='ocrx_word' id='word_1_127' title='bbox 2638 1776 2785 1845; x_wconf 90' lang='lat' dir='ltr'>pro-</span> 
     </span>
     <span class='ocr_line' id='line_1_15' title="bbox 577 1857 2785 1950; baseline -0.003 -19"><span class='ocrx_word' id='word_1_128' title='bbox 577 1888 759 1931; x_wconf 85' lang='lat' dir='ltr'>cessu</span> <span class='ocrx_word' id='word_1_129' title='bbox 805 1866 1197 1941; x_wconf 86' lang='lat' dir='ltr'>continetur,</span> <span class='ocrx_word' id='word_1_130' title='bbox 1254 1857 1330 1926; x_wconf 79' lang='grc' dir='ltr'>τὸ</span> <span class='ocrx_word' id='word_1_131' title='bbox 1376 1859 1766 1946; x_wconf 77' lang='grc' dir='ltr'><em>γιγνόμενον</em></span> <span class='ocrx_word' id='word_1_132' title='bbox 1803 1867 1968 1943; x_wconf 74' lang='lat'>⁰26,</span> <span class='ocrx_word' id='word_1_133' title='bbox 2023 1864 2299 1950; x_wconf 89' lang='lat' dir='ltr'>ideoque</span> <span class='ocrx_word' id='word_1_134' title='bbox 2355 1863 2629 1927; x_wconf 87' lang='lat' dir='ltr'>medium</span> <span class='ocrx_word' id='word_1_135' title='bbox 2687 1872 2785 1925; x_wconf 87' lang='lat' dir='ltr'>est</span> 
     </span>
     <span class='ocr_line' id='line_1_16' title="bbox 576 1965 2784 2055; baseline -0.002 -22"><span class='ocrx_word' id='word_1_136' title='bbox 576 1973 743 2034; x_wconf 89' lang='lat' dir='ltr'>inter</span> <span class='ocrx_word' id='word_1_137' title='bbox 791 1988 903 2031; x_wconf 84' lang='lat' dir='ltr'>ens</span> <span class='ocrx_word' id='word_1_138' title='bbox 951 1978 1015 2031; x_wconf 92' lang='lat' dir='ltr'>et</span> <span class='ocrx_word' id='word_1_139' title='bbox 1059 1986 1373 2044; x_wconf 74' lang='lat' dir='ltr'>non-enS,</span> <span class='ocrx_word' id='word_1_140' title='bbox 1419 1965 1499 2029; x_wconf 92' lang='lat' dir='ltr'>ad</span> <span class='ocrx_word' id='word_1_141' title='bbox 1544 1968 2004 2053; x_wconf 84' lang='lat' dir='ltr'>perfectionem</span> <span class='ocrx_word' id='word_1_142' title='bbox 2052 1990 2225 2033; x_wconf 88' lang='lat' dir='ltr'>suam</span> <span class='ocrx_word' id='word_1_143' title='bbox 2272 1967 2670 2055; x_wconf 84' lang='lat' dir='ltr'>perducitur3</span> <span class='ocrx_word' id='word_1_144' title='bbox 2719 1978 2784 2029; x_wconf 88' lang='lat' dir='ltr'>et</span> 
     </span>
     <span class='ocr_line' id='line_1_17' title="bbox 577 2063 2782 2158; baseline -0.002 -22"><span class='ocrx_word' id='word_1_145' title='bbox 577 2094 765 2158; x_wconf 85' lang='lat' dir='ltr'>quum</span> <span class='ocrx_word' id='word_1_146' title='bbox 810 2064 886 2135; x_wconf 85' lang='grc' dir='ltr'>τὸ</span> <span class='ocrx_word' id='word_1_147' title='bbox 933 2065 1349 2153; x_wconf 75' lang='grc' dir='ltr'><em>γιγνόμενον,</em></span> <span class='ocrx_word' id='word_1_148' title='bbox 1407 2082 1635 2156; x_wconf 87' lang='lat' dir='ltr'>utpote</span> <span class='ocrx_word' id='word_1_149' title='bbox 1690 2068 1937 2154; x_wconf 74' lang='grc' dir='ltr'><strong><em>μεταξὺ</em></strong></span> <span class='ocrx_word' id='word_1_150' title='bbox 1978 2074 2098 2135; x_wconf 81' lang='grc' dir='ltr'>τοῦ</span> <span class='ocrx_word' id='word_1_151' title='bbox 2143 2064 2334 2147; x_wconf 77' lang='grc' dir='ltr'><strong><em>ὄντος</em></strong></span> <span class='ocrx_word' id='word_1_152' title='bbox 2377 2073 2490 2135; x_wconf 87' lang='grc' dir='ltr'>καὶ</span> <span class='ocrx_word' id='word_1_153' title='bbox 2531 2063 2625 2152; x_wconf 77' lang='grc' dir='ltr'>μὴ</span> <span class='ocrx_word' id='word_1_154' title='bbox 2669 2064 2782 2133; x_wconf 78' lang='grc' dir='ltr'>ὅν-</span> 
     </span>
     <span class='ocr_line' id='line_1_18' title="bbox 573 2171 2782 2260; baseline -0.001 -21"><span class='ocrx_word' id='word_1_155' title='bbox 573 2199 687 2249; x_wconf 82' lang='grc' dir='ltr'>τος</span> <span class='ocrx_word' id='word_1_156' title='bbox 728 2175 892 2250; x_wconf 74' lang='lat'>«128,</span> <span class='ocrx_word' id='word_1_157' title='bbox 951 2182 1176 2257; x_wconf 87' lang='lat' dir='ltr'>suapte</span> <span class='ocrx_word' id='word_1_158' title='bbox 1226 2182 1448 2235; x_wconf 87' lang='lat' dir='ltr'>natura</span> <span class='ocrx_word' id='word_1_159' title='bbox 1496 2171 1577 2236; x_wconf 90' lang='lat' dir='ltr'>ad</span> <span class='ocrx_word' id='word_1_160' title='bbox 1623 2195 1798 2238; x_wconf 88' lang='lat' dir='ltr'>suam</span> <span class='ocrx_word' id='word_1_161' title='bbox 1845 2174 2068 2239; x_wconf 86' lang='lat' dir='ltr'>tendat</span> <span class='ocrx_word' id='word_1_162' title='bbox 2110 2174 2593 2260; x_wconf 86' lang='lat' dir='ltr'>perfectionem,</span> <span class='ocrx_word' id='word_1_163' title='bbox 2650 2174 2782 2237; x_wconf 78' lang='grc' dir='ltr'>τῶν</span> 
     </span>
     <span class='ocr_line' id='line_1_19' title="bbox 572 2267 2776 2362; baseline -0.001 -21"><span class='ocrx_word' id='word_1_164' title='bbox 572 2280 692 2361; x_wconf 80' lang='grc' dir='ltr'>μὲν</span> <span class='ocrx_word' id='word_1_165' title='bbox 734 2271 861 2361; x_wconf 76' lang='grc' dir='ltr'>γὰρ</span> <span class='ocrx_word' id='word_1_166' title='bbox 910 2269 1119 2340; x_wconf 81' lang='grc' dir='ltr'><em>ὄντων</em></span> <span class='ocrx_word' id='word_1_167' title='bbox 1161 2267 1407 2356; x_wconf 77' lang='grc' dir='ltr'><strong><em>μεταξὺ</em></strong></span> <span class='ocrx_word' id='word_1_168' title='bbox 1448 2270 1704 2358; x_wconf 73' lang='grc' dir='ltr'><em>ἀνάγκη</em></span> <span class='ocrx_word' id='word_1_169' title='bbox 1752 2280 1934 2353; x_wconf 78' lang='grc' dir='ltr'><em>τέλος</em></span> <span class='ocrx_word' id='word_1_170' title='bbox 1977 2273 2146 2342; x_wconf 78' lang='grc' dir='ltr'><strong><em>εἶναι</em></strong></span> <span class='ocrx_word' id='word_1_171' title='bbox 2178 2279 2281 2355; x_wconf 71' lang='lat'>1³4,</span> <span class='ocrx_word' id='word_1_172' title='bbox 2325 2277 2485 2342; x_wconf 87' lang='lat' dir='ltr'>haec</span> <span class='ocrx_word' id='word_1_173' title='bbox 2522 2276 2776 2362; x_wconf 86' lang='lat' dir='ltr'>quidem</span> 
     </span>
     <span class='ocr_line' id='line_1_20' title="bbox 573 2377 2777 2466; baseline -0 -23"><span class='ocrx_word' id='word_1_174' title='bbox 573 2381 905 2466; x_wconf 87' lang='lat' dir='ltr'>generatio</span> <span class='ocrx_word' id='word_1_175' title='bbox 944 2381 1011 2440; x_wconf 89' lang='lat' dir='ltr'>in</span> <span class='ocrx_word' id='word_1_176' title='bbox 1048 2377 1360 2441; x_wconf 85' lang='lat' dir='ltr'>infinitum</span> <span class='ocrx_word' id='word_1_177' title='bbox 1402 2378 1709 2465; x_wconf 80' lang='lat' dir='ltr'>progredi</span> <span class='ocrx_word' id='word_1_178' title='bbox 1746 2401 1879 2444; x_wconf 89' lang='lat' dir='ltr'>non</span> <span class='ocrx_word' id='word_1_179' title='bbox 1919 2390 2150 2466; x_wconf 85' lang='lat' dir='ltr'>potest.</span> <span class='ocrx_word' id='word_1_180' title='bbox 2217 2380 2292 2443; x_wconf 90' lang='lat' dir='ltr'>In</span> <span class='ocrx_word' id='word_1_181' title='bbox 2327 2380 2530 2444; x_wconf 89' lang='lat' dir='ltr'>altero</span> <span class='ocrx_word' id='word_1_182' title='bbox 2570 2390 2777 2443; x_wconf 87' lang='lat' dir='ltr'>autem</span> 
     </span>
     <span class='ocr_line' id='line_1_21' title="bbox 571 2481 2777 2570; baseline -0 -24"><span class='ocrx_word' id='word_1_183' title='bbox 571 2484 1003 2570; x_wconf 78' lang='lat' dir='ltr'>generationis</span> <span class='ocrx_word' id='word_1_184' title='bbox 1062 2500 1324 2567; x_wconf 85' lang='lat' dir='ltr'>genere,</span> <span class='ocrx_word' id='word_1_185' title='bbox 1396 2481 1568 2566; x_wconf 88' lang='lat' dir='ltr'>quod</span> <span class='ocrx_word' id='word_1_186' title='bbox 1626 2485 2050 2569; x_wconf 82' lang='lat' dir='ltr'>significatum</span> <span class='ocrx_word' id='word_1_187' title='bbox 2110 2494 2207 2548; x_wconf 90' lang='lat' dir='ltr'>est</span> <span class='ocrx_word' id='word_1_188' title='bbox 2262 2486 2428 2548; x_wconf 66' lang='lat' dir='ltr'>aeris</span> <span class='ocrx_word' id='word_1_189' title='bbox 2486 2504 2561 2548; x_wconf 86' lang='lat' dir='ltr'>ex</span> <span class='ocrx_word' id='word_1_190' title='bbox 2617 2504 2777 2568; x_wconf 87' lang='lat' dir='ltr'>aqua</span> 
     </span>
     <span class='ocr_line' id='line_1_22' title="bbox 572 2581 2778 2674; baseline -0.001 -23"><span class='ocrx_word' id='word_1_191' title='bbox 572 2589 777 2674; x_wconf 87' lang='lat' dir='ltr'>geniti</span> <span class='ocrx_word' id='word_1_192' title='bbox 824 2581 1139 2669; x_wconf 84' lang='lat' dir='ltr'>exemplo,</span> <span class='ocrx_word' id='word_1_193' title='bbox 1186 2581 1448 2649; x_wconf 87' lang='lat' dir='ltr'>alterum</span> <span class='ocrx_word' id='word_1_194' title='bbox 1498 2590 1738 2651; x_wconf 82' lang='lat' dir='ltr'>exsistit</span> <span class='ocrx_word' id='word_1_195' title='bbox 1782 2585 2202 2652; x_wconf 84' lang='lat' dir='ltr'>intercidente</span> <span class='ocrx_word' id='word_1_196' title='bbox 2248 2587 2468 2665; x_wconf 87' lang='lat' dir='ltr'>altero,</span> <span class='ocrx_word' id='word_1_197' title='bbox 2521 2610 2595 2651; x_wconf 90' lang='lat' dir='ltr'>ac</span> <span class='ocrx_word' id='word_1_198' title='bbox 2637 2590 2778 2649; x_wconf 85' lang='lat' dir='ltr'>vice</span> 
     </span>
     <span class='ocr_line' id='line_1_23' title="bbox 570 2687 2779 2779; baseline 0 -27"><span class='ocrx_word' id='word_1_199' title='bbox 570 2712 754 2754; x_wconf 88' lang='lat' dir='ltr'>versa</span> <span class='ocrx_word' id='word_1_200' title='bbox 799 2689 925 2752; x_wconf 86' lang='lat' dir='ltr'>hoc</span> <span class='ocrx_word' id='word_1_201' title='bbox 968 2690 1327 2752; x_wconf 87' lang='lat' dir='ltr'>intereunte</span> <span class='ocrx_word' id='word_1_202' title='bbox 1364 2687 1511 2763; x_wconf 87' lang='lat' dir='ltr'>illo;</span> <span class='ocrx_word' id='word_1_203' title='bbox 1560 2713 1681 2774; x_wconf 89' lang='lat' dir='ltr'>qua</span> <span class='ocrx_word' id='word_1_204' title='bbox 1718 2690 2068 2779; x_wconf 87' lang='lat' dir='ltr'>generandi</span> <span class='ocrx_word' id='word_1_205' title='bbox 2105 2691 2537 2755; x_wconf 87' lang='lat' dir='ltr'>vicissitudine</span> <span class='ocrx_word' id='word_1_206' title='bbox 2570 2687 2779 2768; x_wconf 81' lang='grc' dir='ltr'>(ἀνα-</span> 
     </span>
     <span class='ocr_line' id='line_1_24' title="bbox 567 2788 2775 2880; baseline 0 -24"><span class='ocrx_word' id='word_1_207' title='bbox 567 2788 844 2875; x_wconf 80' lang='grc' dir='ltr'><em>κάμπτει</em></span> <span class='ocrx_word' id='word_1_208' title='bbox 884 2794 997 2869; x_wconf 75' lang='grc' dir='ltr'>ῡ3,</span> <span class='ocrx_word' id='word_1_209' title='bbox 1044 2789 1126 2855; x_wconf 88' lang='lat' dir='ltr'>de</span> <span class='ocrx_word' id='word_1_210' title='bbox 1174 2795 1351 2856; x_wconf 91' lang='lat' dir='ltr'>cuius</span> <span class='ocrx_word' id='word_1_211' title='bbox 1399 2814 1538 2858; x_wconf 86' lang='lat' dir='ltr'>voc.</span> <span class='ocrx_word' id='word_1_212' title='bbox 1585 2814 1704 2858; x_wconf 87' lang='lat' dir='ltr'>usu</span> <span class='ocrx_word' id='word_1_213' title='bbox 1751 2795 1828 2858; x_wconf 80' lang='lat' dir='ltr'>cf.</span> <span class='ocrx_word' id='word_1_214' title='bbox 1862 2796 2093 2859; x_wconf 84' lang='lat' dir='ltr'>Waitz</span> <span class='ocrx_word' id='word_1_215' title='bbox 2138 2792 2220 2858; x_wconf 89' lang='lat' dir='ltr'>ad</span> <span class='ocrx_word' id='word_1_216' title='bbox 2256 2796 2377 2858; x_wconf 90' lang='lat' dir='ltr'>An.</span> <span class='ocrx_word' id='word_1_217' title='bbox 2424 2803 2594 2880; x_wconf 90' lang='lat' dir='ltr'>post.</span> <span class='ocrx_word' id='word_1_218' title='bbox 2638 2793 2669 2856; x_wconf 92' lang='lat'>1</span> <span class='ocrx_word' id='word_1_219' title='bbox 2712 2794 2775 2857; x_wconf 85' lang='lat'>3.</span> 
     </span>
     <span class='ocr_line' id='line_1_25' title="bbox 572 2894 2776 2983; baseline -0 -23"><span class='ocrx_word' id='word_1_220' title='bbox 572 2898 686 2960; x_wconf 69' lang='lat'>72⁶</span> <span class='ocrx_word' id='word_1_221' title='bbox 719 2897 849 2976; x_wconf 81' lang='lat'>36)</span> <span class='ocrx_word' id='word_1_222' title='bbox 882 2898 1174 2980; x_wconf 91' lang='lat' dir='ltr'>quoniam</span> <span class='ocrx_word' id='word_1_223' title='bbox 1209 2894 1288 2959; x_wconf 88' lang='lat' dir='ltr'>ad</span> <span class='ocrx_word' id='word_1_224' title='bbox 1321 2917 1497 2960; x_wconf 86' lang='lat' dir='ltr'>sumn</span> <span class='ocrx_word' id='word_1_225' title='bbox 1531 2899 1728 2981; x_wconf 87' lang='lat' dir='ltr'>ipsius</span> <span class='ocrx_word' id='word_1_226' title='bbox 1769 2901 2014 2962; x_wconf 89' lang='lat' dir='ltr'>initium</span> <span class='ocrx_word' id='word_1_227' title='bbox 2053 2901 2384 2983; x_wconf 83' lang='lat' dir='ltr'>generatio</span> <span class='ocrx_word' id='word_1_228' title='bbox 2422 2899 2776 2973; x_wconf 82' lang='lat' dir='ltr'>revertitur,</span> 
     </span>
     <span class='ocr_line' id='line_1_26' title="bbox 566 2992 2776 3086; baseline 0.001 -25"><span class='ocrx_word' id='word_1_229' title='bbox 566 2998 845 3062; x_wconf 86' lang='lat' dir='ltr'>infinitas</span> <span class='ocrx_word' id='word_1_230' title='bbox 897 2998 1354 3085; x_wconf 86' lang='lat' dir='ltr'>progrediendi</span> <span class='ocrx_word' id='word_1_231' title='bbox 1404 2998 1773 3063; x_wconf 83' lang='lat' dir='ltr'>excluditur.</span> <span class='ocrx_word' id='word_1_232' title='bbox 1860 3002 2081 3086; x_wconf 86' lang='lat' dir='ltr'>Itaque</span> <span class='ocrx_word' id='word_1_233' title='bbox 2128 3003 2390 3065; x_wconf 89' lang='lat' dir='ltr'>omnino</span> <span class='ocrx_word' id='word_1_234' title='bbox 2434 2992 2513 3065; x_wconf 81' lang='grc' dir='ltr'>τὸ</span> <span class='ocrx_word' id='word_1_235' title='bbox 2562 3001 2776 3083; x_wconf 72' lang='grc' dir='ltr'><em>γίγνε-</em></span> 
     </span>
     <span class='ocr_line' id='line_1_27' title="bbox 568 3101 2775 3191; baseline 0.001 -28"><span class='ocrx_word' id='word_1_236' title='bbox 568 3101 744 3163; x_wconf 73' lang='grc' dir='ltr'><strong><em>σθαι</em></strong></span> <span class='ocrx_word' id='word_1_237' title='bbox 789 3101 856 3164; x_wconf 73' lang='grc' dir='ltr'>ἔκ</span> <span class='ocrx_word' id='word_1_238' title='bbox 899 3123 1077 3175; x_wconf 82' lang='grc' dir='ltr'><strong><em>τινος</em></strong></span> <span class='ocrx_word' id='word_1_239' title='bbox 1120 3122 1252 3165; x_wconf 90' lang='lat' dir='ltr'>non</span> <span class='ocrx_word' id='word_1_240' title='bbox 1298 3113 1517 3187; x_wconf 86' lang='lat' dir='ltr'>potest</span> <span class='ocrx_word' id='word_1_241' title='bbox 1561 3104 1626 3165; x_wconf 85' lang='lat' dir='ltr'>in</span> <span class='ocrx_word' id='word_1_242' title='bbox 1663 3102 1978 3167; x_wconf 86' lang='lat' dir='ltr'>infinitum</span> <span class='ocrx_word' id='word_1_243' title='bbox 2013 3103 2308 3168; x_wconf 87' lang='lat' dir='ltr'>deorsum</span> <span class='ocrx_word' id='word_1_244' title='bbox 2340 3102 2661 3191; x_wconf 80' lang='lat' dir='ltr'>progredi.</span> <span class='ocrx_word' id='word_1_245' title='bbox 2688 3138 2775 3150; x_wconf 92' lang='lat'>—</span> 
     </span>
     <span class='ocr_line' id='line_1_28' title="bbox 567 3203 2772 3294; baseline 0.001 -29"><span class='ocrx_word' id='word_1_246' title='bbox 567 3203 706 3265; x_wconf 85' lang='lat' dir='ltr'>Hac</span> <span class='ocrx_word' id='word_1_247' title='bbox 749 3203 1175 3288; x_wconf 84' lang='lat' dir='ltr'>explicatione</span> <span class='ocrx_word' id='word_1_248' title='bbox 1221 3209 1369 3268; x_wconf 84' lang='lat' dir='ltr'>satis</span> <span class='ocrx_word' id='word_1_249' title='bbox 1415 3208 1536 3268; x_wconf 88' lang='lat' dir='ltr'>iam</span> <span class='ocrx_word' id='word_1_250' title='bbox 1586 3206 1998 3291; x_wconf 87' lang='lat' dir='ltr'>comprobata</span> <span class='ocrx_word' id='word_1_251' title='bbox 2046 3229 2189 3271; x_wconf 89' lang='lat' dir='ltr'>esse</span> <span class='ocrx_word' id='word_1_252' title='bbox 2230 3227 2453 3294; x_wconf 89' lang='lat' dir='ltr'>spero,</span> <span class='ocrx_word' id='word_1_253' title='bbox 2500 3227 2662 3292; x_wconf 85' lang='lat' dir='ltr'>quae</span> <span class='ocrx_word' id='word_1_254' title='bbox 2703 3207 2772 3268; x_wconf 89' lang='lat' dir='ltr'>in</span> 
     </span>
     <span class='ocr_line' id='line_1_29' title="bbox 565 3304 2773 3396; baseline 0.002 -28"><span class='ocrx_word' id='word_1_255' title='bbox 565 3304 843 3371; x_wconf 89' lang='lat' dir='ltr'>lectione</span> <span class='ocrx_word' id='word_1_256' title='bbox 876 3307 1273 3371; x_wconf 81' lang='lat' dir='ltr'>Bekkeriana</span> <span class='ocrx_word' id='word_1_257' title='bbox 1321 3311 1656 3387; x_wconf 86' lang='lat' dir='ltr'>immutavi,</span> <span class='ocrx_word' id='word_1_258' title='bbox 1703 3308 2047 3376; x_wconf 86' lang='lat' dir='ltr'>Alexandri</span> <span class='ocrx_word' id='word_1_259' title='bbox 2091 3314 2483 3396; x_wconf 86' lang='lat' dir='ltr'>potissimum</span> <span class='ocrx_word' id='word_1_260' title='bbox 2519 3320 2773 3373; x_wconf 84' lang='lat' dir='ltr'>secutus</span> 
     </span>
     <span class='ocr_line' id='line_1_30' title="bbox 566 3408 2770 3499; baseline 0.002 -28"><span class='ocrx_word' id='word_1_261' title='bbox 566 3413 1024 3476; x_wconf 86' lang='lat' dir='ltr'>auctoritatem.</span> <span class='ocrx_word' id='word_1_262' title='bbox 1108 3413 1245 3475; x_wconf 77' lang='lat'>«222</span> <span class='ocrx_word' id='word_1_263' title='bbox 1289 3408 1382 3497; x_wconf 88' lang='grc' dir='ltr'>μή</span> <span class='ocrx_word' id='word_1_264' title='bbox 1427 3416 1683 3498; x_wconf 89' lang='lat' dir='ltr'>scripsi,</span> <span class='ocrx_word' id='word_1_265' title='bbox 1741 3414 1852 3479; x_wconf 89' lang='lat' dir='ltr'>nbi</span> <span class='ocrx_word' id='word_1_266' title='bbox 1897 3413 2102 3479; x_wconf 78' lang='lat' dir='ltr'>Bekk.</span> <span class='ocrx_word' id='word_1_267' title='bbox 2153 3437 2227 3479; x_wconf 88' lang='lat' dir='ltr'>ex</span> <span class='ocrx_word' id='word_1_268' title='bbox 2282 3413 2528 3499; x_wconf 80' lang='lat' dir='ltr'>aliquot</span> <span class='ocrx_word' id='word_1_269' title='bbox 2583 3410 2770 3476; x_wconf 86' lang='lat' dir='ltr'>codd.</span> 
     </span>
     <span class='ocr_line' id='line_1_31' title="bbox 564 3508 2771 3601; baseline 0 -25"><span class='ocrx_word' id='word_1_270' title='bbox 564 3512 845 3578; x_wconf 87' lang='lat' dir='ltr'>exhibuit</span> <span class='ocrx_word' id='word_1_271' title='bbox 884 3508 944 3593; x_wconf 89' lang='grc' dir='ltr'>ἥ,</span> <span class='ocrx_word' id='word_1_272' title='bbox 988 3535 1064 3577; x_wconf 91' lang='lat' dir='ltr'>ac</span> <span class='ocrx_word' id='word_1_273' title='bbox 1106 3514 1340 3581; x_wconf 91' lang='lat' dir='ltr'>deinde</span> <span class='ocrx_word' id='word_1_274' title='bbox 1380 3519 1514 3583; x_wconf 77' lang='lat'>«223</span> <span class='ocrx_word' id='word_1_275' title='bbox 1560 3514 1678 3601; x_wconf 86' lang='grc' dir='ltr'>οὐχ</span> <span class='ocrx_word' id='word_1_276' title='bbox 1723 3512 1930 3592; x_wconf 82' lang='grc' dir='ltr'><strong><em>οὕτως</em></strong></span> <span class='ocrx_word' id='word_1_277' title='bbox 1972 3514 2117 3581; x_wconf 82' lang='grc' dir='ltr'><strong><em>ἀλλ’</em></strong></span> <span class='ocrx_word' id='word_1_278' title='bbox 2157 3535 2298 3582; x_wconf 86' lang='lat' dir='ltr'>cum</span> <span class='ocrx_word' id='word_1_279' title='bbox 2340 3515 2526 3581; x_wconf 92' lang='lat' dir='ltr'>codd.</span> <span class='ocrx_word' id='word_1_280' title='bbox 2566 3534 2771 3601; x_wconf 88' lang='lat' dir='ltr'>prope</span> 
     </span>
     <span class='ocr_line' id='line_1_32' title="bbox 564 3615 2771 3707; baseline 0 -28"><span class='ocrx_word' id='word_1_281' title='bbox 564 3615 861 3681; x_wconf 85' lang='lat' dir='ltr'>omnibus</span> <span class='ocrx_word' id='word_1_282' title='bbox 919 3622 1119 3682; x_wconf 90' lang='lat' dir='ltr'>omisi.</span> <span class='ocrx_word' id='word_1_283' title='bbox 1210 3621 1439 3705; x_wconf 90' lang='lat' dir='ltr'>Neque</span> <span class='ocrx_word' id='word_1_284' title='bbox 1496 3624 1662 3684; x_wconf 88' lang='lat' dir='ltr'>enim</span> <span class='ocrx_word' id='word_1_285' title='bbox 1719 3619 1785 3684; x_wconf 90' lang='lat' dir='ltr'>id</span> <span class='ocrx_word' id='word_1_286' title='bbox 1844 3624 2004 3707; x_wconf 84' lang='lat' dir='ltr'>agit,</span> <span class='ocrx_word' id='word_1_287' title='bbox 2063 3631 2133 3685; x_wconf 89' lang='lat' dir='ltr'>ut</span> <span class='ocrx_word' id='word_1_288' title='bbox 2188 3642 2410 3687; x_wconf 88' lang='lat' dir='ltr'>omnes</span> <span class='ocrx_word' id='word_1_289' title='bbox 2467 3623 2634 3685; x_wconf 82' lang='lat' dir='ltr'>iuxta</span> <span class='ocrx_word' id='word_1_290' title='bbox 2690 3621 2771 3681; x_wconf 87' lang='lat' dir='ltr'>si·</span> 
     </span>
     <span class='ocr_line' id='line_1_33' title="bbox 563 3718 2772 3804; baseline 0.001 -22"><span class='ocrx_word' id='word_1_291' title='bbox 563 3718 1015 3804; x_wconf 85' lang='lat' dir='ltr'>gnificationes</span> <span class='ocrx_word' id='word_1_292' title='bbox 1073 3721 1382 3786; x_wconf 86' lang='lat' dir='ltr'>formulae</span> <span class='ocrx_word' id='word_1_293' title='bbox 1441 3724 1509 3787; x_wconf 72' lang='grc' dir='ltr'>ἔκ</span> <span class='ocrx_word' id='word_1_294' title='bbox 1564 3745 1742 3798; x_wconf 79' lang='grc' dir='ltr'><em>τινος</em></span> <span class='ocrx_word' id='word_1_295' title='bbox 1786 3734 2138 3804; x_wconf 87' lang='lat' dir='ltr'>enumeret,</span> <span class='ocrx_word' id='word_1_296' title='bbox 2195 3726 2309 3790; x_wconf 88' lang='lat' dir='ltr'>sed</span> <span class='ocrx_word' id='word_1_297' title='bbox 2355 3733 2427 3790; x_wconf 89' lang='lat' dir='ltr'>ut</span> <span class='ocrx_word' id='word_1_298' title='bbox 2467 3720 2772 3800; x_wconf 81' lang='lat' dir='ltr'>secludat,</span> 
     </span>
     <span class='ocr_line' id='line_1_34' title="bbox 564 3818 2771 3913; baseline 0.002 -29"><span class='ocrx_word' id='word_1_299' title='bbox 564 3841 727 3906; x_wconf 92' lang='lat' dir='ltr'>quae</span> <span class='ocrx_word' id='word_1_300' title='bbox 773 3822 898 3887; x_wconf 87' lang='lat' dir='ltr'>huc</span> <span class='ocrx_word' id='word_1_301' title='bbox 943 3844 1074 3888; x_wconf 92' lang='lat' dir='ltr'>non</span> <span class='ocrx_word' id='word_1_302' title='bbox 1120 3829 1460 3909; x_wconf 89' lang='lat' dir='ltr'>pertinent,</span> <span class='ocrx_word' id='word_1_303' title='bbox 1503 3818 1597 3909; x_wconf 86' lang='grc' dir='ltr'>μὴ</span> <span class='ocrx_word' id='word_1_304' title='bbox 1644 3823 1729 3901; x_wconf 83' lang='grc' dir='ltr'>ὡς</span> <span class='ocrx_word' id='word_1_305' title='bbox 1771 3822 1921 3891; x_wconf 76' lang='grc' dir='ltr'><em>τόδε</em></span> <span class='ocrx_word' id='word_1_306' title='bbox 1967 3830 2240 3913; x_wconf 74' lang='grc' dir='ltr'><em>λέγομεν</em></span> <span class='ocrx_word' id='word_1_307' title='bbox 2282 3821 2450 3912; x_wconf 76' lang='grc' dir='ltr'><em>μετὰ</em></span> <span class='ocrx_word' id='word_1_308' title='bbox 2488 3821 2658 3904; x_wconf 79' lang='grc' dir='ltr'><em>τόδε,</em></span> <span class='ocrx_word' id='word_1_309' title='bbox 2705 3836 2771 3890; x_wconf 89' lang='lat' dir='ltr'>et</span> 
     </span>
     <span class='ocr_line' id='line_1_35' title="bbox 565 3926 2770 4016; baseline 0.003 -29"><span class='ocrx_word' id='word_1_310' title='bbox 565 3946 671 3987; x_wconf 87' lang='lat' dir='ltr'>eas</span> <span class='ocrx_word' id='word_1_311' title='bbox 717 3926 913 3990; x_wconf 89' lang='lat' dir='ltr'>modo</span> <span class='ocrx_word' id='word_1_312' title='bbox 959 3936 1316 4004; x_wconf 84' lang='lat' dir='ltr'>recenseat,</span> <span class='ocrx_word' id='word_1_313' title='bbox 1362 3931 1429 3992; x_wconf 91' lang='lat' dir='ltr'>in</span> <span class='ocrx_word' id='word_1_314' title='bbox 1473 3926 1700 4013; x_wconf 88' lang='lat' dir='ltr'>quibus</span> <span class='ocrx_word' id='word_1_315' title='bbox 1745 3928 1904 3993; x_wconf 86' lang='lat' dir='ltr'>haec</span> <span class='ocrx_word' id='word_1_316' title='bbox 1950 3936 2235 4016; x_wconf 89' lang='lat' dir='ltr'>quaestio</span> <span class='ocrx_word' id='word_1_317' title='bbox 2284 3942 2348 3995; x_wconf 91' lang='lat' dir='ltr'>et</span> <span class='ocrx_word' id='word_1_318' title='bbox 2392 3930 2589 3995; x_wconf 88' lang='lat' dir='ltr'>debet</span> <span class='ocrx_word' id='word_1_319' title='bbox 2631 3949 2770 3993; x_wconf 86' lang='lat' dir='ltr'>ver-</span> 
     </span>
     <span class='ocr_line' id='line_1_36' title="bbox 562 4028 2769 4120; baseline 0.003 -30"><span class='ocrx_word' id='word_1_320' title='bbox 562 4031 685 4090; x_wconf 86' lang='lat' dir='ltr'>sari</span> <span class='ocrx_word' id='word_1_321' title='bbox 735 4040 800 4091; x_wconf 92' lang='lat' dir='ltr'>et</span> <span class='ocrx_word' id='word_1_322' title='bbox 840 4050 913 4093; x_wconf 89' lang='lat' dir='ltr'>re</span> <span class='ocrx_word' id='word_1_323' title='bbox 956 4050 1108 4092; x_wconf 84' lang='lat' dir='ltr'>vera</span> <span class='ocrx_word' id='word_1_324' title='bbox 1153 4028 1386 4095; x_wconf 91' lang='lat' dir='ltr'>deinde</span> <span class='ocrx_word' id='word_1_325' title='bbox 1430 4040 1735 4096; x_wconf 85' lang='lat' dir='ltr'>versatur.</span> <span class='ocrx_word' id='word_1_326' title='bbox 1784 4069 1863 4082; x_wconf 90' lang='lat'>—</span> <span class='ocrx_word' id='word_1_327' title='bbox 1912 4033 2111 4118; x_wconf 84' lang='lat' dir='ltr'>Quod</span> <span class='ocrx_word' id='word_1_328' title='bbox 2158 4047 2362 4100; x_wconf 85' lang='lat' dir='ltr'>autem</span> <span class='ocrx_word' id='word_1_329' title='bbox 2409 4032 2631 4120; x_wconf 89' lang='lat' dir='ltr'>paullo</span> <span class='ocrx_word' id='word_1_330' title='bbox 2674 4035 2769 4097; x_wconf 91' lang='lat' dir='ltr'>in-</span> 
     </span>
     <span class='ocr_line' id='line_1_37' title="bbox 563 4129 2765 4220; baseline 0.005 -28"><span class='ocrx_word' id='word_1_331' title='bbox 563 4129 654 4193; x_wconf 80' lang='lat' dir='ltr'>fra</span> <span class='ocrx_word' id='word_1_332' title='bbox 688 4133 770 4195; x_wconf 77' lang='lat' dir='ltr'>bl</span> <span class='ocrx_word' id='word_1_333' title='bbox 819 4133 955 4196; x_wconf 71' lang='grc' dir='ltr'><em>ἔστι</em></span> <span class='ocrx_word' id='word_1_334' title='bbox 1000 4136 1196 4209; x_wconf 89' lang='lat' dir='ltr'>omisi,</span> <span class='ocrx_word' id='word_1_335' title='bbox 1243 4153 1376 4197; x_wconf 90' lang='lat' dir='ltr'>non</span> <span class='ocrx_word' id='word_1_336' title='bbox 1424 4155 1680 4220; x_wconf 87' lang='lat' dir='ltr'>possum</span> <span class='ocrx_word' id='word_1_337' title='bbox 1724 4156 1878 4201; x_wconf 84' lang='lat' dir='ltr'>sane</span> <span class='ocrx_word' id='word_1_338' title='bbox 1922 4136 2104 4202; x_wconf 88' lang='lat' dir='ltr'>aliam</span> <span class='ocrx_word' id='word_1_339' title='bbox 2151 4139 2455 4203; x_wconf 83' lang='lat' dir='ltr'>adhibere</span> <span class='ocrx_word' id='word_1_340' title='bbox 2495 4142 2765 4203; x_wconf 83' lang='lat' dir='ltr'>auctori-</span> 
     </span>
     <span class='ocr_line' id='line_1_38' title="bbox 560 4237 2763 4329; baseline 0.005 -34"><span class='ocrx_word' id='word_1_341' title='bbox 560 4242 748 4297; x_wconf 87' lang='lat' dir='ltr'>tatem</span> <span class='ocrx_word' id='word_1_342' title='bbox 781 4257 964 4319; x_wconf 85' lang='lat' dir='ltr'>quam</span> <span class='ocrx_word' id='word_1_343' title='bbox 996 4238 1404 4322; x_wconf 84' lang='lat' dir='ltr'>interpretum</span> <span class='ocrx_word' id='word_1_344' title='bbox 1433 4237 1827 4303; x_wconf 87' lang='lat' dir='ltr'>Graecorum</span> <span class='ocrx_word' id='word_1_345' title='bbox 1855 4241 2194 4307; x_wconf 84' lang='lat' dir='ltr'>Alexandri</span> <span class='ocrx_word' id='word_1_346' title='bbox 2226 4253 2290 4305; x_wconf 90' lang='lat' dir='ltr'>et</span> <span class='ocrx_word' id='word_1_347' title='bbox 2319 4241 2618 4329; x_wconf 88' lang='lat' dir='ltr'>Asclepii,</span> <span class='ocrx_word' id='word_1_348' title='bbox 2649 4241 2763 4307; x_wconf 90' lang='lat' dir='ltr'>sed</span> 
     </span>
     <span class='ocr_line' id='line_1_39' title="bbox 555 4339 2762 4432; baseline 0.006 -34"><span class='ocrx_word' id='word_1_349' title='bbox 555 4339 693 4421; x_wconf 91' lang='lat' dir='ltr'>ipsa</span> <span class='ocrx_word' id='word_1_350' title='bbox 741 4343 1091 4402; x_wconf 86' lang='lat' dir='ltr'>sententiae</span> <span class='ocrx_word' id='word_1_351' title='bbox 1135 4345 1384 4405; x_wconf 87' lang='lat' dir='ltr'>ratione</span> <span class='ocrx_word' id='word_1_352' title='bbox 1424 4363 1495 4405; x_wconf 88' lang='lat' dir='ltr'>ea</span> <span class='ocrx_word' id='word_1_353' title='bbox 1537 4365 1721 4428; x_wconf 90' lang='lat' dir='ltr'>quam</span> <span class='ocrx_word' id='word_1_354' title='bbox 1759 4349 2018 4430; x_wconf 91' lang='lat' dir='ltr'>reposui</span> <span class='ocrx_word' id='word_1_355' title='bbox 2058 4351 2362 4432; x_wconf 88' lang='lat' dir='ltr'>scriptura</span> <span class='ocrx_word' id='word_1_356' title='bbox 2403 4349 2762 4412; x_wconf 82' lang='lat' dir='ltr'>necessario</span> 
     </span>
     <span class='ocr_line' id='line_1_40' title="bbox 555 4438 2765 4539; baseline 0.006 -39"><span class='ocrx_word' id='word_1_357' title='bbox 555 4438 810 4505; x_wconf 77' lang='lat' dir='ltr'>videtur</span> <span class='ocrx_word' id='word_1_358' title='bbox 851 4441 1141 4532; x_wconf 85' lang='lat' dir='ltr'>flagitari.</span> <span class='ocrx_word' id='word_1_359' title='bbox 1208 4444 1712 4511; x_wconf 87' lang='lat' dir='ltr'>Describendum</span> <span class='ocrx_word' id='word_1_360' title='bbox 1751 4458 1846 4512; x_wconf 83' lang='lat' dir='ltr'>est</span> <span class='ocrx_word' id='word_1_361' title='bbox 1880 4453 2044 4513; x_wconf 86' lang='lat' dir='ltr'>enim</span> <span class='ocrx_word' id='word_1_362' title='bbox 2084 4449 2148 4515; x_wconf 89' lang='lat' dir='ltr'>id</span> <span class='ocrx_word' id='word_1_363' title='bbox 2182 4452 2616 4539; x_wconf 82' lang='lat' dir='ltr'>generationis</span> <span class='ocrx_word' id='word_1_364' title='bbox 2651 4472 2765 4538; x_wconf 80' lang='lat' dir='ltr'>ge·</span> 
     </span>
    </p>
   </div>
  </div>
 </body>
</html>
