<?xml version="1.0" encoding="UTF-8"?>
<!DOCTYPE html PUBLIC "-//W3C//DTD XHTML 1.0 Transitional//EN"
    "http://www.w3.org/TR/xhtml1/DTD/xhtml1-transitional.dtd">
<html xmlns="http://www.w3.org/1999/xhtml" xml:lang="en" lang="en">
 <head>
  <title>
</title>
<meta http-equiv="Content-Type" content="text/html;charset=utf-8" />
  <meta name='ocr-system' content='tesseract 3.04.00' />
  <meta name='ocr-capabilities' content='ocr_page ocr_carea ocr_par ocr_line ocrx_word'/>
</head>
<body>
  <div class='ocr_page' id='page_1' title='image "aristotelismeta01bonigoog_0457.png"; bbox 0 0 3109 5175; ppageno 0'>
   <div class='ocr_carea' id='block_1_1' title="bbox 1199 404 2550 483">
    <p class='ocr_par' dir='ltr' id='par_1_1' title="bbox 1199 404 2550 483">
     <span class='ocr_line' id='line_1_1' title="bbox 1199 404 2550 483; baseline 0.004 -5"><span class='ocrx_word' id='word_1_1' title='bbox 1199 409 1246 478; x_wconf 95' lang='lat' dir='ltr'><strong><em>I</em></strong></span> <span class='ocrx_word' id='word_1_2' title='bbox 1285 405 1353 479; x_wconf 82' lang='lat'><strong>3.</strong></span> <span class='ocrx_word' id='word_1_3' title='bbox 1435 404 1702 480; x_wconf 72' lang='lat'><strong>105411.</strong></span> <span class='ocrx_word' id='word_1_4' title='bbox 2403 406 2550 483; x_wconf 76' lang='lat'><strong>429</strong></span> 
     </span>
    </p>
   </div>
   <div class='ocr_carea' id='block_1_2' title="bbox 343 579 2555 4613">
    <p class='ocr_par' dir='ltr' id='par_1_2' title="bbox 344 579 2551 1498">
     <span class='ocr_line' id='line_1_2' title="bbox 345 579 2550 669; baseline 0.003 -24"><span class='ocrx_word' id='word_1_5' title='bbox 345 583 549 669; x_wconf 83' lang='lat' dir='ltr'><strong>goria,</strong></span> <span class='ocrx_word' id='word_1_6' title='bbox 594 590 802 646; x_wconf 89' lang='lat' dir='ltr'><strong>tamen</strong></span> <span class='ocrx_word' id='word_1_7' title='bbox 847 601 1088 668; x_wconf 81' lang='lat' dir='ltr'>genere</span> <span class='ocrx_word' id='word_1_8' title='bbox 1134 579 1420 647; x_wconf 84' lang='lat' dir='ltr'><strong>diversos</strong></span> <span class='ocrx_word' id='word_1_9' title='bbox 1454 582 1832 648; x_wconf 85' lang='lat' dir='ltr'><strong>Aristoteles</strong></span> <span class='ocrx_word' id='word_1_10' title='bbox 1876 585 2017 648; x_wconf 88' lang='lat' dir='ltr'><strong>sine</strong></span> <span class='ocrx_word' id='word_1_11' title='bbox 2061 581 2259 649; x_wconf 90' lang='lat' dir='ltr'><strong>dubio</strong></span> <span class='ocrx_word' id='word_1_12' title='bbox 2304 582 2550 652; x_wconf 79' lang='lat' dir='ltr'><strong>dixerit.</strong></span> 
     </span>
     <span class='ocr_line' id='line_1_3' title="bbox 346 685 2551 778; baseline 0.002 -29"><span class='ocrx_word' id='word_1_13' title='bbox 346 685 577 771; x_wconf 79' lang='lat' dir='ltr'><strong>Specie</strong></span> <span class='ocrx_word' id='word_1_14' title='bbox 622 694 827 749; x_wconf 89' lang='lat' dir='ltr'><strong>autem</strong></span> <span class='ocrx_word' id='word_1_15' title='bbox 872 706 1038 770; x_wconf 90' lang='lat' dir='ltr'><strong>quae</strong></span> <span class='ocrx_word' id='word_1_16' title='bbox 1082 698 1231 751; x_wconf 91' lang='lat' dir='ltr'><strong>sunt</strong></span> <span class='ocrx_word' id='word_1_17' title='bbox 1271 685 1549 765; x_wconf 86' lang='lat' dir='ltr'><strong>diversa,</strong></span> <span class='ocrx_word' id='word_1_18' title='bbox 1608 686 1775 752; x_wconf 86' lang='lat' dir='ltr'><strong>idem</strong></span> <span class='ocrx_word' id='word_1_19' title='bbox 1834 686 2069 752; x_wconf 85' lang='lat' dir='ltr'><strong>babere</strong></span> <span class='ocrx_word' id='word_1_20' title='bbox 2127 699 2388 774; x_wconf 82' lang='lat' dir='ltr'><strong>oportet</strong></span> <span class='ocrx_word' id='word_1_21' title='bbox 2439 711 2551 778; x_wconf 81' lang='lat' dir='ltr'><strong>ge-</strong></span> 
     </span>
     <span class='ocr_line' id='line_1_4' title="bbox 346 786 2549 876; baseline 0.003 -24"><span class='ocrx_word' id='word_1_22' title='bbox 346 810 498 865; x_wconf 85' lang='lat' dir='ltr'><strong>nus;</strong></span> <span class='ocrx_word' id='word_1_23' title='bbox 564 809 727 873; x_wconf 90' lang='lat' dir='ltr'><strong>quae</strong></span> <span class='ocrx_word' id='word_1_24' title='bbox 784 786 1038 874; x_wconf 89' lang='lat' dir='ltr'><strong>quidem</strong></span> <span class='ocrx_word' id='word_1_25' title='bbox 1095 792 1350 876; x_wconf 83' lang='lat' dir='ltr'><strong>generis</strong></span> <span class='ocrx_word' id='word_1_26' title='bbox 1406 788 1707 854; x_wconf 78' lang='lat' dir='ltr'><strong>identitas</strong></span> <span class='ocrx_word' id='word_1_27' title='bbox 1762 812 1895 856; x_wconf 91' lang='lat' dir='ltr'><strong>non</strong></span> <span class='ocrx_word' id='word_1_28' title='bbox 1952 791 2159 856; x_wconf 87' lang='lat' dir='ltr'><strong>ubivis</strong></span> <span class='ocrx_word' id='word_1_29' title='bbox 2214 795 2549 873; x_wconf 87' lang='lat' dir='ltr'><strong>invenitur,</strong></span> 
     </span>
     <span class='ocr_line' id='line_1_5' title="bbox 346 890 2547 978; baseline 0.002 -21"><span class='ocrx_word' id='word_1_30' title='bbox 346 892 456 957; x_wconf 91' lang='lat' dir='ltr'><strong>ubi</strong></span> <span class='ocrx_word' id='word_1_31' title='bbox 515 890 681 957; x_wconf 88' lang='lat' dir='ltr'><strong>idem</strong></span> <span class='ocrx_word' id='word_1_32' title='bbox 741 892 989 958; x_wconf 89' lang='lat' dir='ltr'><strong>duabus</strong></span> <span class='ocrx_word' id='word_1_33' title='bbox 1046 891 1129 957; x_wconf 88' lang='lat' dir='ltr'><strong>de</strong></span> <span class='ocrx_word' id='word_1_34' title='bbox 1183 891 1375 957; x_wconf 89' lang='lat' dir='ltr'><strong>rebus</strong></span> <span class='ocrx_word' id='word_1_35' title='bbox 1433 893 1837 978; x_wconf 88' lang='lat' dir='ltr'><strong>praedicatur</strong></span> <span class='ocrx_word' id='word_1_36' title='bbox 1889 892 2091 959; x_wconf 88' lang='lat' dir='ltr'><strong>veluti</strong></span> <span class='ocrx_word' id='word_1_37' title='bbox 2140 894 2325 960; x_wconf 88' lang='lat' dir='ltr'><strong>color</strong></span> <span class='ocrx_word' id='word_1_38' title='bbox 2366 897 2547 962; x_wconf 87' lang='lat' dir='ltr'><strong>albus</strong></span> 
     </span>
     <span class='ocr_line' id='line_1_6' title="bbox 346 994 2551 1085; baseline 0.002 -25"><span class='ocrx_word' id='word_1_39' title='bbox 346 995 598 1081; x_wconf 91' lang='lat' dir='ltr'><strong>aliaque</strong></span> <span class='ocrx_word' id='word_1_40' title='bbox 645 996 971 1076; x_wconf 89' lang='lat' dir='ltr'><strong>eiusmodi,</strong></span> <span class='ocrx_word' id='word_1_41' title='bbox 1017 994 1132 1061; x_wconf 85' lang='lat' dir='ltr'><strong>sed</strong></span> <span class='ocrx_word' id='word_1_42' title='bbox 1177 995 1286 1061; x_wconf 88' lang='lat' dir='ltr'><strong>ubi</strong></span> <span class='ocrx_word' id='word_1_43' title='bbox 1330 995 1504 1081; x_wconf 90' lang='lat' dir='ltr'><strong>quod</strong></span> <span class='ocrx_word' id='word_1_44' title='bbox 1549 997 1716 1062; x_wconf 91' lang='lat' dir='ltr'><strong>idem</strong></span> <span class='ocrx_word' id='word_1_45' title='bbox 1763 997 2164 1085; x_wconf 86' lang='lat' dir='ltr'><strong>praedicatur</strong></span> <span class='ocrx_word' id='word_1_46' title='bbox 2203 1001 2402 1085; x_wconf 83' lang='lat' dir='ltr'><strong>ipsam</strong></span> <span class='ocrx_word' id='word_1_47' title='bbox 2440 1016 2551 1064; x_wconf 85' lang='lat' dir='ltr'><strong>na·</strong></span> 
     </span>
     <span class='ocr_line' id='line_1_7' title="bbox 345 1095 2550 1190; baseline 0.002 -26"><span class='ocrx_word' id='word_1_48' title='bbox 345 1110 550 1164; x_wconf 89' lang='lat' dir='ltr'><strong>turam</strong></span> <span class='ocrx_word' id='word_1_49' title='bbox 597 1121 673 1164; x_wconf 91' lang='lat' dir='ltr'><strong>ac</strong></span> <span class='ocrx_word' id='word_1_50' title='bbox 715 1101 1128 1166; x_wconf 81' lang='lat' dir='ltr'><strong>substantiam</strong></span> <span class='ocrx_word' id='word_1_51' title='bbox 1171 1121 1379 1164; x_wconf 88' lang='lat' dir='ltr'><strong>rerum</strong></span> <span class='ocrx_word' id='word_1_52' title='bbox 1426 1100 1761 1187; x_wconf 81' lang='lat' dir='ltr'><strong>significat,</strong></span> <span class='ocrx_word' id='word_1_53' title='bbox 1802 1103 1959 1167; x_wconf 74' lang='lat'>⁶30:</span> <span class='ocrx_word' id='word_1_54' title='bbox 2006 1095 2045 1166; x_wconf 84' lang='grc' dir='ltr'>ὃ</span> <span class='ocrx_word' id='word_1_55' title='bbox 2090 1095 2293 1190; x_wconf 79' lang='grc' dir='ltr'><em>ἄμφω</em></span> <span class='ocrx_word' id='word_1_56' title='bbox 2338 1098 2550 1168; x_wconf 69' lang='grc' dir='ltr'><strong>ταύτὰ</strong></span> 
     </span>
     <span class='ocr_line' id='line_1_8' title="bbox 347 1189 2545 1291; baseline 0.002 -24"><span class='ocrx_word' id='word_1_57' title='bbox 347 1204 653 1287; x_wconf 69' lang='grc' dir='ltr'><strong>λέγονται</strong></span> <span class='ocrx_word' id='word_1_58' title='bbox 693 1199 903 1268; x_wconf 73' lang='grc' dir='ltr'><strong><em>κατὰ</em></strong></span> <span class='ocrx_word' id='word_1_59' title='bbox 945 1198 1094 1284; x_wconf 82' lang='grc' dir='ltr'><strong>τὴν</strong></span> <span class='ocrx_word' id='word_1_60' title='bbox 1139 1199 1433 1270; x_wconf 74' lang='grc' dir='ltr'><strong><em>οὐσίαν</em></strong></span> <span class='ocrx_word' id='word_1_61' title='bbox 1478 1196 1561 1267; x_wconf 69' lang='grc' dir='ltr'><strong>τὰ</strong></span> <span class='ocrx_word' id='word_1_62' title='bbox 1605 1189 1917 1291; x_wconf 66' lang='grc' dir='ltr'><em>διάφορα,</em></span> <span class='ocrx_word' id='word_1_63' title='bbox 1963 1204 2042 1269; x_wconf 81' lang='lat' dir='ltr'><strong>cf.</strong></span> <span class='ocrx_word' id='word_1_64' title='bbox 2086 1206 2148 1269; x_wconf 83' lang='lat'><strong>8.</strong></span> <span class='ocrx_word' id='word_1_65' title='bbox 2197 1206 2399 1272; x_wconf 75' lang='lat'><strong>10571»</strong></span> <span class='ocrx_word' id='word_1_66' title='bbox 2433 1208 2545 1272; x_wconf 79' lang='lat'><strong>38:</strong></span> 
     </span>
     <span class='ocr_line' id='line_1_9' title="bbox 344 1297 2550 1395; baseline 0.003 -25"><span class='ocrx_word' id='word_1_67' title='bbox 344 1310 536 1389; x_wconf 74' lang='grc' dir='ltr'><strong><em>γένος</em></strong></span> <span class='ocrx_word' id='word_1_68' title='bbox 578 1307 786 1384; x_wconf 77' lang='grc' dir='ltr'><strong><em>καλῶ,</em></strong></span> <span class='ocrx_word' id='word_1_69' title='bbox 833 1300 872 1370; x_wconf 81' lang='grc' dir='ltr'>ὃ</span> <span class='ocrx_word' id='word_1_70' title='bbox 917 1301 1121 1395; x_wconf 77' lang='grc' dir='ltr'><em>ἄμφω</em></span> <span class='ocrx_word' id='word_1_71' title='bbox 1166 1306 1238 1371; x_wconf 75' lang='grc' dir='ltr'><strong>ἓν</strong></span> <span class='ocrx_word' id='word_1_72' title='bbox 1277 1297 1480 1370; x_wconf 81' lang='grc' dir='ltr'><strong>ταύτὸ</strong></span> <span class='ocrx_word' id='word_1_73' title='bbox 1526 1307 1797 1389; x_wconf 78' lang='grc' dir='ltr'><strong>λέγεται,</strong></span> <span class='ocrx_word' id='word_1_74' title='bbox 1846 1300 1951 1388; x_wconf 85' lang='grc' dir='ltr'><strong>μὴ</strong></span> <span class='ocrx_word' id='word_1_75' title='bbox 1995 1302 2202 1372; x_wconf 73' lang='grc' dir='ltr'><strong><em>κατὰ</em></strong></span> <span class='ocrx_word' id='word_1_76' title='bbox 2246 1310 2550 1395; x_wconf 80' lang='grc' dir='ltr'><em>συμβε-</em></span> 
     </span>
     <span class='ocr_line' id='line_1_10' title="bbox 345 1403 1974 1498; baseline 0.001 -25"><span class='ocrx_word' id='word_1_77' title='bbox 345 1403 603 1493; x_wconf 81' lang='grc' dir='ltr'><strong><em>βηκὸς</em></strong></span> <span class='ocrx_word' id='word_1_78' title='bbox 646 1410 795 1493; x_wconf 73' lang='grc' dir='ltr'><strong><em>ἔχον</em></strong></span> <span class='ocrx_word' id='word_1_79' title='bbox 839 1404 1196 1498; x_wconf 75' lang='grc' dir='ltr'><em>διαφοράν,</em></span> <span class='ocrx_word' id='word_1_80' title='bbox 1241 1419 1306 1474; x_wconf 93' lang='lat' dir='ltr'><strong>et</strong></span> <span class='ocrx_word' id='word_1_81' title='bbox 1345 1407 1427 1473; x_wconf 87' lang='lat' dir='ltr'><strong>ad</strong></span> <span class='ocrx_word' id='word_1_82' title='bbox 1459 1410 1521 1472; x_wconf 95' lang='lat' dir='ltr'><strong><em>Z</em></strong></span> <span class='ocrx_word' id='word_1_83' title='bbox 1543 1410 1607 1473; x_wconf 90' lang='grc'><strong>3.</strong></span> <span class='ocrx_word' id='word_1_84' title='bbox 1644 1411 1844 1474; x_wconf 72' lang='grc'><strong>10286</strong></span> <span class='ocrx_word' id='word_1_85' title='bbox 1867 1411 1974 1475; x_wconf 79' lang='grc'><strong>34.</strong></span> 
     </span>
    </p>

    <p class='ocr_par' dir='ltr' id='par_1_3' title="bbox 343 1507 2555 4613">
     <span class='ocr_line' id='line_1_11' title="bbox 481 1507 2551 1603; baseline 0.001 -26"><span class='ocrx_word' id='word_1_86' title='bbox 481 1513 774 1577; x_wconf 86' lang='lat' dir='ltr'><strong>Proxima</strong></span> <span class='ocrx_word' id='word_1_87' title='bbox 806 1512 1002 1578; x_wconf 82' lang='lat' dir='ltr'><strong>verba</strong></span> <span class='ocrx_word' id='word_1_88' title='bbox 1042 1514 1199 1578; x_wconf 69' lang='lat'>⁶31:</span> <span class='ocrx_word' id='word_1_89' title='bbox 1244 1508 1330 1577; x_wconf 77' lang='grc' dir='ltr'><strong>τὰ</strong></span> <span class='ocrx_word' id='word_1_90' title='bbox 1366 1510 1426 1577; x_wconf 83' lang='grc' dir='ltr'><strong>δ’</strong></span> <span class='ocrx_word' id='word_1_91' title='bbox 1465 1515 1737 1579; x_wconf 73' lang='grc' dir='ltr'><strong><em>ἐναντία</em></strong></span> <span class='ocrx_word' id='word_1_92' title='bbox 1774 1507 2088 1603; x_wconf 77' lang='grc' dir='ltr'><em>διάφορα,</em></span> <span class='ocrx_word' id='word_1_93' title='bbox 2128 1515 2241 1579; x_wconf 81' lang='grc' dir='ltr'><strong>καὶ</strong></span> <span class='ocrx_word' id='word_1_94' title='bbox 2281 1510 2322 1594; x_wconf 85' lang='grc' dir='ltr'><strong><em>ἡ</em></strong></span> <span class='ocrx_word' id='word_1_95' title='bbox 2361 1519 2551 1581; x_wconf 63' lang='lat' dir='ltr'><strong>evav-</strong></span> 
     </span>
     <span class='ocr_line' id='line_1_12' title="bbox 343 1611 2552 1706; baseline 0.001 -25"><span class='ocrx_word' id='word_1_96' title='bbox 343 1617 568 1693; x_wconf 81' lang='grc' dir='ltr'><strong><em>τίωσις</em></strong></span> <span class='ocrx_word' id='word_1_97' title='bbox 601 1611 899 1706; x_wconf 78' lang='grc' dir='ltr'><em>διαφορά</em></span> <span class='ocrx_word' id='word_1_98' title='bbox 941 1639 1056 1695; x_wconf 82' lang='grc' dir='ltr'><strong><em>τις,</em></strong></span> <span class='ocrx_word' id='word_1_99' title='bbox 1100 1615 1325 1681; x_wconf 89' lang='lat' dir='ltr'><strong>dubito</strong></span> <span class='ocrx_word' id='word_1_100' title='bbox 1362 1636 1511 1680; x_wconf 89' lang='lat' dir='ltr'><strong>num</strong></span> <span class='ocrx_word' id='word_1_101' title='bbox 1548 1616 1628 1680; x_wconf 88' lang='lat' dir='ltr'><strong>ab</strong></span> <span class='ocrx_word' id='word_1_102' title='bbox 1665 1620 1811 1704; x_wconf 88' lang='lat' dir='ltr'><strong>ipso</strong></span> <span class='ocrx_word' id='word_1_103' title='bbox 1842 1617 1949 1681; x_wconf 87' lang='lat' dir='ltr'><strong>Ar.</strong></span> <span class='ocrx_word' id='word_1_104' title='bbox 1985 1620 2219 1703; x_wconf 77' lang='lat' dir='ltr'><strong>scripta</strong></span> <span class='ocrx_word' id='word_1_105' title='bbox 2251 1619 2395 1696; x_wconf 85' lang='lat' dir='ltr'><strong>sint,</strong></span> <span class='ocrx_word' id='word_1_106' title='bbox 2430 1638 2552 1683; x_wconf 88' lang='lat' dir='ltr'><strong>nec</strong></span> 
     </span>
     <span class='ocr_line' id='line_1_13' title="bbox 345 1717 2552 1807; baseline 0 -23"><span class='ocrx_word' id='word_1_107' title='bbox 345 1723 563 1806; x_wconf 89' lang='lat' dir='ltr'><strong>potius</strong></span> <span class='ocrx_word' id='word_1_108' title='bbox 609 1741 645 1783; x_wconf 89' lang='lat' dir='ltr'><strong>a</strong></span> <span class='ocrx_word' id='word_1_109' title='bbox 691 1719 934 1784; x_wconf 86' lang='lat' dir='ltr'><strong>lectore</strong></span> <span class='ocrx_word' id='word_1_110' title='bbox 979 1728 1223 1784; x_wconf 88' lang='lat' dir='ltr'><strong>attento</strong></span> <span class='ocrx_word' id='word_1_111' title='bbox 1271 1717 1705 1784; x_wconf 78' lang='lat' dir='ltr'><strong>adnotationis</strong></span> <span class='ocrx_word' id='word_1_112' title='bbox 1750 1719 1900 1785; x_wconf 90' lang='lat' dir='ltr'><strong>loco</strong></span> <span class='ocrx_word' id='word_1_113' title='bbox 1940 1718 2021 1784; x_wconf 90' lang='lat' dir='ltr'><strong>ad</strong></span> <span class='ocrx_word' id='word_1_114' title='bbox 2059 1722 2411 1807; x_wconf 85' lang='lat' dir='ltr'><strong>proximum</strong></span> <span class='ocrx_word' id='word_1_115' title='bbox 2450 1743 2552 1785; x_wconf 79' lang='lat' dir='ltr'><strong>ca-</strong></span> 
     </span>
     <span class='ocr_line' id='line_1_14' title="bbox 345 1822 2550 1910; baseline 0.001 -22"><span class='ocrx_word' id='word_1_116' title='bbox 345 1834 461 1910; x_wconf 87' lang='lat' dir='ltr'><strong>put</strong></span> <span class='ocrx_word' id='word_1_117' title='bbox 506 1822 820 1909; x_wconf 86' lang='lat' dir='ltr'><strong>adscripta</strong></span> <span class='ocrx_word' id='word_1_118' title='bbox 864 1833 1092 1909; x_wconf 88' lang='lat' dir='ltr'><strong>postea</strong></span> <span class='ocrx_word' id='word_1_119' title='bbox 1127 1826 1195 1888; x_wconf 92' lang='lat' dir='ltr'><strong>in</strong></span> <span class='ocrx_word' id='word_1_120' title='bbox 1229 1832 1466 1887; x_wconf 85' lang='lat' dir='ltr'><strong>textum</strong></span> <span class='ocrx_word' id='word_1_121' title='bbox 1505 1825 1894 1909; x_wconf 81' lang='lat' dir='ltr'><strong>irrepserint,</strong></span> <span class='ocrx_word' id='word_1_122' title='bbox 1941 1833 2005 1888; x_wconf 86' lang='lat' dir='ltr'><strong>et</strong></span> <span class='ocrx_word' id='word_1_123' title='bbox 2043 1822 2297 1909; x_wconf 85' lang='lat' dir='ltr'><strong>quidem</strong></span> <span class='ocrx_word' id='word_1_124' title='bbox 2334 1824 2550 1890; x_wconf 89' lang='lat' dir='ltr'><strong>alieno</strong></span> 
     </span>
     <span class='ocr_line' id='line_1_15' title="bbox 346 1925 2552 2012; baseline 0.001 -22"><span class='ocrx_word' id='word_1_125' title='bbox 346 1925 519 1991; x_wconf 88' lang='lat' dir='ltr'><strong>loco.</strong></span> <span class='ocrx_word' id='word_1_126' title='bbox 596 1927 809 2012; x_wconf 85' lang='lat' dir='ltr'><strong>Quum</strong></span> <span class='ocrx_word' id='word_1_127' title='bbox 859 1928 1022 1991; x_wconf 90' lang='lat' dir='ltr'><strong>enim</strong></span> <span class='ocrx_word' id='word_1_128' title='bbox 1068 1937 1294 2012; x_wconf 82' lang='lat' dir='ltr'><strong>postea</strong></span> <span class='ocrx_word' id='word_1_129' title='bbox 1330 1947 1510 1991; x_wconf 84' lang='lat' dir='ltr'><strong>esse</strong></span> <span class='ocrx_word' id='word_1_130' title='bbox 1549 1929 1813 1991; x_wconf 89' lang='lat' dir='ltr'><strong>omuino</strong></span> <span class='ocrx_word' id='word_1_131' title='bbox 1854 1930 2361 1993; x_wconf 77' lang='lat' dir='ltr'><strong>contrarietatem</strong></span> <span class='ocrx_word' id='word_1_132' title='bbox 2399 1926 2552 1993; x_wconf 90' lang='lat' dir='ltr'><strong>inde</strong></span> 
     </span>
     <span class='ocr_line' id='line_1_16' title="bbox 349 2026 2553 2117; baseline -0 -22"><span class='ocrx_word' id='word_1_133' title='bbox 349 2040 831 2109; x_wconf 80' lang='lat' dir='ltr'><strong>commonstret,</strong></span> <span class='ocrx_word' id='word_1_134' title='bbox 891 2026 1064 2115; x_wconf 91' lang='lat' dir='ltr'><strong>quod</strong></span> <span class='ocrx_word' id='word_1_135' title='bbox 1109 2028 1438 2094; x_wconf 86' lang='lat' dir='ltr'><strong>diversitas</strong></span> <span class='ocrx_word' id='word_1_136' title='bbox 1482 2033 1698 2093; x_wconf 88' lang='lat' dir='ltr'><strong>varios</strong></span> <span class='ocrx_word' id='word_1_137' title='bbox 1741 2032 2008 2116; x_wconf 88' lang='lat' dir='ltr'><strong>recipiat</strong></span> <span class='ocrx_word' id='word_1_138' title='bbox 2051 2029 2317 2117; x_wconf 83' lang='lat' dir='ltr'><strong>gradus,</strong></span> <span class='ocrx_word' id='word_1_139' title='bbox 2375 2028 2553 2094; x_wconf 90' lang='lat' dir='ltr'><strong>ideo-</strong></span> 
     </span>
     <span class='ocr_line' id='line_1_17' title="bbox 347 2132 2553 2221; baseline 0 -22"><span class='ocrx_word' id='word_1_140' title='bbox 347 2155 473 2221; x_wconf 91' lang='lat' dir='ltr'><strong>que</strong></span> <span class='ocrx_word' id='word_1_141' title='bbox 520 2137 708 2198; x_wconf 89' lang='lat' dir='ltr'><strong>etiam</strong></span> <span class='ocrx_word' id='word_1_142' title='bbox 755 2155 895 2199; x_wconf 84' lang='lat' dir='ltr'><strong>esse</strong></span> <span class='ocrx_word' id='word_1_143' title='bbox 930 2132 1237 2218; x_wconf 87' lang='lat' dir='ltr'><strong>quaedam</strong></span> <span class='ocrx_word' id='word_1_144' title='bbox 1277 2142 1589 2219; x_wconf 84' lang='lat' dir='ltr'><strong>oporteat,</strong></span> <span class='ocrx_word' id='word_1_145' title='bbox 1635 2155 1797 2219; x_wconf 90' lang='lat' dir='ltr'><strong>quae</strong></span> <span class='ocrx_word' id='word_1_146' title='bbox 1828 2133 2196 2221; x_wconf 84' lang='lat' dir='ltr'><strong>longissime</strong></span> <span class='ocrx_word' id='word_1_147' title='bbox 2227 2144 2417 2220; x_wconf 88' lang='lat' dir='ltr'><strong>atque</strong></span> <span class='ocrx_word' id='word_1_148' title='bbox 2446 2133 2553 2199; x_wconf 89' lang='lat' dir='ltr'><strong>ab·</strong></span> 
     </span>
     <span class='ocr_line' id='line_1_18' title="bbox 347 2235 2551 2324; baseline 0 -22"><span class='ocrx_word' id='word_1_149' title='bbox 347 2236 561 2303; x_wconf 88' lang='lat' dir='ltr'><strong>solute</strong></span> <span class='ocrx_word' id='word_1_150' title='bbox 608 2236 858 2302; x_wconf 88' lang='lat' dir='ltr'><strong>diversa</strong></span> <span class='ocrx_word' id='word_1_151' title='bbox 900 2239 1045 2316; x_wconf 85' lang='lat' dir='ltr'><strong>sint,</strong></span> <span class='ocrx_word' id='word_1_152' title='bbox 1088 2258 1211 2303; x_wconf 92' lang='lat' dir='ltr'><strong>nec</strong></span> <span class='ocrx_word' id='word_1_153' title='bbox 1253 2247 1467 2324; x_wconf 87' lang='lat' dir='ltr'><strong>aptum</strong></span> <span class='ocrx_word' id='word_1_154' title='bbox 1512 2258 1636 2301; x_wconf 91' lang='lat' dir='ltr'><strong>nec</strong></span> <span class='ocrx_word' id='word_1_155' title='bbox 1674 2235 2017 2324; x_wconf 87' lang='lat' dir='ltr'><strong>probabile</strong></span> <span class='ocrx_word' id='word_1_156' title='bbox 2063 2248 2162 2303; x_wconf 88' lang='lat' dir='ltr'><strong>est</strong></span> <span class='ocrx_word' id='word_1_157' title='bbox 2205 2246 2391 2303; x_wconf 88' lang='lat' dir='ltr'><strong>antea</strong></span> <span class='ocrx_word' id='word_1_158' title='bbox 2425 2241 2551 2302; x_wconf 87' lang='lat' dir='ltr'><strong>iam</strong></span> 
     </span>
     <span class='ocr_line' id='line_1_19' title="bbox 350 2339 2552 2427; baseline -0 -20"><span class='ocrx_word' id='word_1_159' title='bbox 350 2344 862 2407; x_wconf 87' lang='lat' dir='ltr'><strong>contrarietatem</strong></span> <span class='ocrx_word' id='word_1_160' title='bbox 908 2340 1277 2427; x_wconf 89' lang='lat' dir='ltr'><strong>simpliciter</strong></span> <span class='ocrx_word' id='word_1_161' title='bbox 1320 2339 1603 2406; x_wconf 89' lang='lat' dir='ltr'><strong>subsumi</strong></span> <span class='ocrx_word' id='word_1_162' title='bbox 1650 2339 2017 2406; x_wconf 87' lang='lat' dir='ltr'><strong>diversitati.</strong></span> <span class='ocrx_word' id='word_1_163' title='bbox 2093 2341 2223 2406; x_wconf 90' lang='lat' dir='ltr'><strong>Sed</strong></span> <span class='ocrx_word' id='word_1_164' title='bbox 2255 2351 2399 2407; x_wconf 90' lang='lat' dir='ltr'><strong>utut</strong></span> <span class='ocrx_word' id='word_1_165' title='bbox 2431 2351 2552 2406; x_wconf 84' lang='lat' dir='ltr'><strong>sta·</strong></span> 
     </span>
     <span class='ocr_line' id='line_1_20' title="bbox 351 2443 2554 2534; baseline -0 -24"><span class='ocrx_word' id='word_1_166' title='bbox 351 2450 550 2512; x_wconf 89' lang='lat' dir='ltr'><strong>tuitur</strong></span> <span class='ocrx_word' id='word_1_167' title='bbox 593 2444 676 2510; x_wconf 89' lang='lat' dir='ltr'><strong>de</strong></span> <span class='ocrx_word' id='word_1_168' title='bbox 721 2447 1000 2533; x_wconf 82' lang='lat' dir='ltr'><strong>genuina</strong></span> <span class='ocrx_word' id='word_1_169' title='bbox 1046 2445 1229 2509; x_wconf 86' lang='lat' dir='ltr'><strong>buius</strong></span> <span class='ocrx_word' id='word_1_170' title='bbox 1277 2447 1594 2510; x_wconf 86' lang='lat' dir='ltr'><strong>enunciati</strong></span> <span class='ocrx_word' id='word_1_171' title='bbox 1641 2448 1918 2534; x_wconf 84' lang='lat' dir='ltr'><strong>origine,</strong></span> <span class='ocrx_word' id='word_1_172' title='bbox 1974 2443 2135 2509; x_wconf 89' lang='lat' dir='ltr'><strong>illud</strong></span> <span class='ocrx_word' id='word_1_173' title='bbox 2188 2455 2358 2509; x_wconf 88' lang='lat' dir='ltr'><strong>certe</strong></span> <span class='ocrx_word' id='word_1_174' title='bbox 2402 2465 2554 2509; x_wconf 88' lang='lat' dir='ltr'><strong>con-</strong></span> 
     </span>
     <span class='ocr_line' id='line_1_21' title="bbox 348 2543 2554 2637; baseline -0.001 -22"><span class='ocrx_word' id='word_1_175' title='bbox 348 2560 503 2631; x_wconf 86' lang='lat' dir='ltr'><strong>stat,</strong></span> <span class='ocrx_word' id='word_1_176' title='bbox 544 2553 832 2637; x_wconf 87' lang='lat' dir='ltr'><strong>proxima</strong></span> <span class='ocrx_word' id='word_1_177' title='bbox 875 2547 1095 2615; x_wconf 84' lang='lat' dir='ltr'><strong>verba:</strong></span> <span class='ocrx_word' id='word_1_178' title='bbox 1141 2543 1247 2615; x_wconf 82' lang='grc' dir='ltr'><strong>ὅτι</strong></span> <span class='ocrx_word' id='word_1_179' title='bbox 1289 2548 1359 2615; x_wconf 74' lang='grc' dir='ltr'><strong>δὲ</strong></span> <span class='ocrx_word' id='word_1_180' title='bbox 1401 2550 1617 2626; x_wconf 78' lang='grc' dir='ltr'><strong><em>καλῶς</em></strong></span> <span class='ocrx_word' id='word_1_181' title='bbox 1657 2550 1810 2628; x_wconf 60' lang='grc' dir='ltr'><strong>κτλ,</strong></span> <span class='ocrx_word' id='word_1_182' title='bbox 1856 2559 1929 2614; x_wconf 90' lang='lat' dir='ltr'><strong>ut</strong></span> <span class='ocrx_word' id='word_1_183' title='bbox 1970 2559 2145 2615; x_wconf 88' lang='lat' dir='ltr'><strong>reete</strong></span> <span class='ocrx_word' id='word_1_184' title='bbox 2188 2545 2554 2614; x_wconf 82' lang='lat' dir='ltr'><strong>Alexander</strong></span> 
     </span>
     <span class='ocr_line' id='line_1_22' title="bbox 348 2650 2553 2740; baseline -0.002 -21"><span class='ocrx_word' id='word_1_185' title='bbox 348 2657 629 2732; x_wconf 90' lang='lat' dir='ltr'><strong>monuit,</strong></span> <span class='ocrx_word' id='word_1_186' title='bbox 674 2675 808 2719; x_wconf 91' lang='lat' dir='ltr'><strong>non</strong></span> <span class='ocrx_word' id='word_1_187' title='bbox 852 2655 1170 2739; x_wconf 82' lang='lat' dir='ltr'><strong>pertinere</strong></span> <span class='ocrx_word' id='word_1_188' title='bbox 1215 2652 1296 2718; x_wconf 88' lang='lat' dir='ltr'><strong>ad</strong></span> <span class='ocrx_word' id='word_1_189' title='bbox 1342 2653 1408 2718; x_wconf 90' lang='lat' dir='ltr'><strong>id</strong></span> <span class='ocrx_word' id='word_1_190' title='bbox 1453 2652 1627 2740; x_wconf 91' lang='lat' dir='ltr'><strong>quod</strong></span> <span class='ocrx_word' id='word_1_191' title='bbox 1672 2653 1756 2718; x_wconf 90' lang='lat' dir='ltr'><strong>de</strong></span> <span class='ocrx_word' id='word_1_192' title='bbox 1800 2657 2247 2718; x_wconf 87' lang='lat' dir='ltr'><strong>contrarietate</strong></span> <span class='ocrx_word' id='word_1_193' title='bbox 2292 2650 2553 2718; x_wconf 83' lang='lat' dir='ltr'><strong>diversi-</strong></span> 
     </span>
     <span class='ocr_line' id='line_1_23' title="bbox 349 2754 2554 2844; baseline -0.002 -21"><span class='ocrx_word' id='word_1_194' title='bbox 349 2762 464 2823; x_wconf 78' lang='lat' dir='ltr'><strong>tati</strong></span> <span class='ocrx_word' id='word_1_195' title='bbox 508 2757 936 2824; x_wconf 87' lang='lat' dir='ltr'><strong>subsumenda</strong></span> <span class='ocrx_word' id='word_1_196' title='bbox 982 2759 1337 2844; x_wconf 89' lang='lat' dir='ltr'><strong>proposuit,</strong></span> <span class='ocrx_word' id='word_1_197' title='bbox 1380 2756 1497 2822; x_wconf 91' lang='lat' dir='ltr'><strong>sed</strong></span> <span class='ocrx_word' id='word_1_198' title='bbox 1539 2757 1620 2822; x_wconf 89' lang='lat' dir='ltr'><strong>ad</strong></span> <span class='ocrx_word' id='word_1_199' title='bbox 1655 2756 2086 2822; x_wconf 86' lang='lat' dir='ltr'><strong>illustrandam</strong></span> <span class='ocrx_word' id='word_1_200' title='bbox 2121 2759 2314 2844; x_wconf 85' lang='lat' dir='ltr'><strong>ipsius</strong></span> <span class='ocrx_word' id='word_1_201' title='bbox 2347 2754 2554 2821; x_wconf 87' lang='lat' dir='ltr'><strong>diver-</strong></span> 
     </span>
     <span class='ocr_line' id='line_1_24' title="bbox 349 2859 2552 2945; baseline -0.002 -17"><span class='ocrx_word' id='word_1_202' title='bbox 349 2864 554 2928; x_wconf 84' lang='lat' dir='ltr'><strong>sitatis</strong></span> <span class='ocrx_word' id='word_1_203' title='bbox 598 2867 949 2928; x_wconf 89' lang='lat' dir='ltr'><strong>notionem.</strong></span> <span class='ocrx_word' id='word_1_204' title='bbox 1037 2862 1354 2926; x_wconf 85' lang='lat' dir='ltr'><strong>Nimirum</strong></span> <span class='ocrx_word' id='word_1_205' title='bbox 1408 2859 1491 2925; x_wconf 90' lang='lat' dir='ltr'><strong>ad</strong></span> <span class='ocrx_word' id='word_1_206' title='bbox 1548 2859 1983 2945; x_wconf 85' lang='lat' dir='ltr'><strong>explicandam</strong></span> <span class='ocrx_word' id='word_1_207' title='bbox 2041 2862 2552 2925; x_wconf 87' lang='lat' dir='ltr'><strong>contrarietatem</strong></span> 
     </span>
     <span class='ocr_line' id='line_1_25' title="bbox 347 2961 2552 3050; baseline -0.001 -19"><span class='ocrx_word' id='word_1_208' title='bbox 347 2970 472 3032; x_wconf 89' lang='lat' dir='ltr'><strong>iam</strong></span> <span class='ocrx_word' id='word_1_209' title='bbox 517 2965 667 3031; x_wconf 91' lang='lat' dir='ltr'><strong>ideo</strong></span> <span class='ocrx_word' id='word_1_210' title='bbox 710 2967 936 3031; x_wconf 87' lang='lat' dir='ltr'><strong>referri</strong></span> <span class='ocrx_word' id='word_1_211' title='bbox 979 2972 1322 3050; x_wconf 85' lang='lat' dir='ltr'><strong>nequeunt,</strong></span> <span class='ocrx_word' id='word_1_212' title='bbox 1367 2962 1543 3049; x_wconf 91' lang='lat' dir='ltr'><strong>quod</strong></span> <span class='ocrx_word' id='word_1_213' title='bbox 1588 2966 1655 3028; x_wconf 90' lang='lat' dir='ltr'><strong>in</strong></span> <span class='ocrx_word' id='word_1_214' title='bbox 1697 2965 1889 3028; x_wconf 85' lang='lat' dir='ltr'><strong>variis</strong></span> <span class='ocrx_word' id='word_1_215' title='bbox 1933 2962 2059 3027; x_wconf 83' lang='lat' dir='ltr'><strong>illis</strong></span> <span class='ocrx_word' id='word_1_216' title='bbox 2102 2961 2339 3042; x_wconf 89' lang='lat' dir='ltr'><strong>modis,</strong></span> <span class='ocrx_word' id='word_1_217' title='bbox 2390 2983 2552 3048; x_wconf 87' lang='lat' dir='ltr'><strong>quos</strong></span> 
     </span>
     <span class='ocr_line' id='line_1_26' title="bbox 349 3059 2552 3159; baseline -0.002 -24"><span class='ocrx_word' id='word_1_218' title='bbox 349 3092 470 3135; x_wconf 85' lang='lat' dir='ltr'><strong>usu</strong></span> <span class='ocrx_word' id='word_1_219' title='bbox 516 3071 815 3159; x_wconf 84' lang='lat' dir='ltr'><strong>cognitos</strong></span> <span class='ocrx_word' id='word_1_220' title='bbox 861 3068 1220 3145; x_wconf 88' lang='lat' dir='ltr'><strong>habeamus,</strong></span> <span class='ocrx_word' id='word_1_221' title='bbox 1266 3077 1713 3133; x_wconf 84' lang='lat' dir='ltr'><strong>enumerantur</strong></span> <span class='ocrx_word' id='word_1_222' title='bbox 1756 3069 1940 3133; x_wconf 76' lang='lat' dir='ltr'><strong>eu‘am</strong></span> <span class='ocrx_word' id='word_1_223' title='bbox 1983 3088 2057 3132; x_wconf 87' lang='lat' dir='ltr'><strong>ea</strong></span> <span class='ocrx_word' id='word_1_224' title='bbox 2091 3088 2256 3153; x_wconf 88' lang='lat' dir='ltr'><strong>quae</strong></span> <span class='ocrx_word' id='word_1_225' title='bbox 2289 3076 2438 3131; x_wconf 86' lang='lat' dir='ltr'><strong>sunt</strong></span> <span class='ocrx_word' id='word_1_226' title='bbox 2471 3059 2552 3131; x_wconf 83' lang='grc' dir='ltr'><strong>τὸ</strong></span> 
     </span>
     <span class='ocr_line' id='line_1_27' title="bbox 348 3170 2555 3261; baseline -0.002 -22"><span class='ocrx_word' id='word_1_227' title='bbox 348 3176 537 3258; x_wconf 74' lang='grc' dir='ltr'><em>γένος</em></span> <span class='ocrx_word' id='word_1_228' title='bbox 580 3179 767 3261; x_wconf 70' lang='grc' dir='ltr'><strong><em>ἕτερα</em></strong></span> <span class='ocrx_word' id='word_1_229' title='bbox 805 3173 967 3248; x_wconf 72' lang='grc' dir='ltr'><strong>ὁ35ς</strong></span> <span class='ocrx_word' id='word_1_230' title='bbox 1026 3183 1095 3238; x_wconf 87' lang='lat' dir='ltr'><strong>at</strong></span> <span class='ocrx_word' id='word_1_231' title='bbox 1138 3174 1456 3237; x_wconf 87' lang='lat' dir='ltr'><strong>contraria</strong></span> <span class='ocrx_word' id='word_1_232' title='bbox 1500 3192 1751 3259; x_wconf 88' lang='lat' dir='ltr'><strong>semper</strong></span> <span class='ocrx_word' id='word_1_233' title='bbox 1798 3170 2025 3237; x_wconf 90' lang='lat' dir='ltr'><strong>eodem</strong></span> <span class='ocrx_word' id='word_1_234' title='bbox 2069 3191 2309 3258; x_wconf 83' lang='lat' dir='ltr'><strong>genere</strong></span> <span class='ocrx_word' id='word_1_235' title='bbox 2355 3173 2555 3236; x_wconf 86' lang='lat' dir='ltr'><strong>conti·</strong></span> 
     </span>
     <span class='ocr_line' id='line_1_28' title="bbox 349 3274 2554 3364; baseline -0.001 -23"><span class='ocrx_word' id='word_1_236' title='bbox 349 3282 506 3357; x_wconf 86' lang='lat' dir='ltr'><strong>neri,</strong></span> <span class='ocrx_word' id='word_1_237' title='bbox 548 3299 671 3342; x_wconf 90' lang='lat' dir='ltr'><strong>nec</strong></span> <span class='ocrx_word' id='word_1_238' title='bbox 712 3297 954 3364; x_wconf 80' lang='lat' dir='ltr'><strong>genere</strong></span> <span class='ocrx_word' id='word_1_239' title='bbox 996 3275 1111 3341; x_wconf 87' lang='lat' dir='ltr'><strong>sed</strong></span> <span class='ocrx_word' id='word_1_240' title='bbox 1150 3278 1366 3362; x_wconf 85' lang='lat' dir='ltr'><strong>specie</strong></span> <span class='ocrx_word' id='word_1_241' title='bbox 1395 3274 1673 3354; x_wconf 79' lang='lat' dir='ltr'><strong>differre,</strong></span> <span class='ocrx_word' id='word_1_242' title='bbox 1721 3285 1786 3340; x_wconf 86' lang='lat' dir='ltr'><strong>et</strong></span> <span class='ocrx_word' id='word_1_243' title='bbox 1815 3286 2115 3340; x_wconf 84' lang='lat' dir='ltr'><strong>constans</strong></span> <span class='ocrx_word' id='word_1_244' title='bbox 2147 3285 2243 3340; x_wconf 89' lang='lat' dir='ltr'><strong>est</strong></span> <span class='ocrx_word' id='word_1_245' title='bbox 2272 3274 2381 3339; x_wconf 87' lang='lat' dir='ltr'><strong>Ar.</strong></span> <span class='ocrx_word' id='word_1_246' title='bbox 2413 3296 2554 3339; x_wconf 87' lang='lat' dir='ltr'><strong>sen-</strong></span> 
     </span>
     <span class='ocr_line' id='line_1_29' title="bbox 348 3377 2554 3467; baseline -0.003 -20"><span class='ocrx_word' id='word_1_247' title='bbox 348 3386 546 3447; x_wconf 88' lang='lat' dir='ltr'><strong>tentia</strong></span> <span class='ocrx_word' id='word_1_248' title='bbox 585 3391 649 3446; x_wconf 90' lang='lat' dir='ltr'><strong>et</strong></span> <span class='ocrx_word' id='word_1_249' title='bbox 683 3383 750 3445; x_wconf 89' lang='lat' dir='ltr'><strong>in</strong></span> <span class='ocrx_word' id='word_1_250' title='bbox 782 3382 1082 3467; x_wconf 85' lang='lat' dir='ltr'><strong>proximis</strong></span> <span class='ocrx_word' id='word_1_251' title='bbox 1119 3377 1428 3465; x_wconf 83' lang='lat' dir='ltr'><strong>capitibus</strong></span> <span class='ocrx_word' id='word_1_252' title='bbox 1468 3382 1835 3464; x_wconf 84' lang='lat' dir='ltr'><strong>saepissime</strong></span> <span class='ocrx_word' id='word_1_253' title='bbox 1866 3391 2178 3445; x_wconf 86' lang='lat' dir='ltr'><strong>monetur.</strong></span> <span class='ocrx_word' id='word_1_254' title='bbox 2254 3378 2467 3463; x_wconf 83' lang='lat' dir='ltr'><strong>Atque</strong></span> <span class='ocrx_word' id='word_1_255' title='bbox 2499 3380 2554 3441; x_wconf 78' lang='lat' dir='ltr'><strong>si</strong></span> 
     </span>
     <span class='ocr_line' id='line_1_30' title="bbox 347 3480 2555 3573; baseline -0.003 -22"><span class='ocrx_word' id='word_1_256' title='bbox 347 3485 433 3551; x_wconf 84' lang='lat' dir='ltr'><strong>de</strong></span> <span class='ocrx_word' id='word_1_257' title='bbox 479 3484 844 3550; x_wconf 86' lang='lat' dir='ltr'><strong>diversitate</strong></span> <span class='ocrx_word' id='word_1_258' title='bbox 889 3487 994 3573; x_wconf 79' lang='lat' dir='ltr'><strong>agi</strong></span> <span class='ocrx_word' id='word_1_259' title='bbox 1041 3482 1430 3562; x_wconf 87' lang='lat' dir='ltr'><strong>conceditur,</strong></span> <span class='ocrx_word' id='word_1_260' title='bbox 1474 3482 1602 3547; x_wconf 89' lang='lat' dir='ltr'><strong>hoc</strong></span> <span class='ocrx_word' id='word_1_261' title='bbox 1641 3492 1970 3569; x_wconf 84' lang='lat' dir='ltr'><strong>praeterea</strong></span> <span class='ocrx_word' id='word_1_262' title='bbox 2010 3492 2291 3569; x_wconf 87' lang='lat' dir='ltr'><strong>apparet,</strong></span> <span class='ocrx_word' id='word_1_263' title='bbox 2335 3480 2555 3545; x_wconf 78' lang='lat' dir='ltr'><strong>distin·-</strong></span> 
     </span>
     <span class='ocr_line' id='line_1_31' title="bbox 349 3583 2555 3678; baseline -0.003 -24"><span class='ocrx_word' id='word_1_264' title='bbox 349 3592 462 3678; x_wconf 80' lang='lat' dir='ltr'><strong>gui</strong></span> <span class='ocrx_word' id='word_1_265' title='bbox 520 3592 899 3654; x_wconf 87' lang='lat' dir='ltr'><strong>enumeratis</strong></span> <span class='ocrx_word' id='word_1_266' title='bbox 960 3587 1281 3666; x_wconf 89' lang='lat' dir='ltr'><strong>omnibus,</strong></span> <span class='ocrx_word' id='word_1_267' title='bbox 1339 3607 1501 3672; x_wconf 91' lang='lat' dir='ltr'><strong>quos</strong></span> <span class='ocrx_word' id='word_1_268' title='bbox 1559 3608 1681 3652; x_wconf 88' lang='lat' dir='ltr'><strong>usu</strong></span> <span class='ocrx_word' id='word_1_269' title='bbox 1734 3590 2225 3674; x_wconf 74' lang='lat' dir='ltr'><strong>cognoverimus</strong></span> <span class='ocrx_word' id='word_1_270' title='bbox 2285 3588 2394 3664; x_wconf 71' lang='grc' dir='ltr'><strong>(ἐκ</strong></span> <span class='ocrx_word' id='word_1_271' title='bbox 2435 3583 2555 3663; x_wconf 77' lang='grc' dir='ltr'><strong>τῆς</strong></span> 
     </span>
     <span class='ocr_line' id='line_1_32' title="bbox 350 3686 2554 3780; baseline -0.003 -22"><span class='ocrx_word' id='word_1_272' title='bbox 350 3694 694 3777; x_wconf 65' lang='grc' dir='ltr'><strong>ἐπαγωγῆς</strong></span> <span class='ocrx_word' id='word_1_273' title='bbox 733 3694 922 3775; x_wconf 75' lang='lat' dir='ltr'><strong>b33&gt;,</strong></span> <span class='ocrx_word' id='word_1_274' title='bbox 968 3692 1349 3758; x_wconf 85' lang='lat' dir='ltr'><strong>diversitatis</strong></span> <span class='ocrx_word' id='word_1_275' title='bbox 1393 3690 1601 3756; x_wconf 89' lang='lat' dir='ltr'><strong>modis</strong></span> <span class='ocrx_word' id='word_1_276' title='bbox 1646 3689 2072 3756; x_wconf 84' lang='lat' dir='ltr'><strong>diversitatem</strong></span> <span class='ocrx_word' id='word_1_277' title='bbox 2111 3710 2150 3780; x_wconf 80' lang='lat' dir='ltr'><strong>a</strong></span> <span class='ocrx_word' id='word_1_278' title='bbox 2187 3708 2359 3752; x_wconf 88' lang='lat' dir='ltr'><strong>mera</strong></span> <span class='ocrx_word' id='word_1_279' title='bbox 2400 3686 2554 3752; x_wconf 82' lang='lat' dir='ltr'><strong>alte-</strong></span> 
     </span>
     <span class='ocr_line' id='line_1_33' title="bbox 349 3791 2551 3882; baseline -0.004 -20"><span class='ocrx_word' id='word_1_280' title='bbox 349 3800 565 3874; x_wconf 82' lang='lat' dir='ltr'><strong>ritate3</strong></span> <span class='ocrx_word' id='word_1_281' title='bbox 623 3817 785 3882; x_wconf 89' lang='lat' dir='ltr'><strong>quae</strong></span> <span class='ocrx_word' id='word_1_282' title='bbox 842 3797 1093 3862; x_wconf 88' lang='lat' dir='ltr'><strong>diversa</strong></span> <span class='ocrx_word' id='word_1_283' title='bbox 1150 3806 1298 3862; x_wconf 88' lang='lat' dir='ltr'><strong>sunt</strong></span> <span class='ocrx_word' id='word_1_284' title='bbox 1353 3794 1594 3882; x_wconf 88' lang='lat' dir='ltr'><strong>aliquid</strong></span> <span class='ocrx_word' id='word_1_285' title='bbox 1645 3794 1884 3859; x_wconf 85' lang='lat' dir='ltr'><strong>babent</strong></span> <span class='ocrx_word' id='word_1_286' title='bbox 1926 3813 2055 3879; x_wconf 92' lang='lat' dir='ltr'><strong>quo</strong></span> <span class='ocrx_word' id='word_1_287' title='bbox 2102 3791 2428 3869; x_wconf 78' lang='lat' dir='ltr'><strong>differant,</strong></span> <span class='ocrx_word' id='word_1_288' title='bbox 2483 3792 2551 3854; x_wconf 92' lang='lat' dir='ltr'><strong>in</strong></span> 
     </span>
     <span class='ocr_line' id='line_1_34' title="bbox 347 3892 2553 3982; baseline -0.004 -16"><span class='ocrx_word' id='word_1_289' title='bbox 347 3899 662 3966; x_wconf 84' lang='lat' dir='ltr'><strong>alteritate</strong></span> <span class='ocrx_word' id='word_1_290' title='bbox 707 3921 843 3967; x_wconf 93' lang='lat' dir='ltr'><strong>non</strong></span> <span class='ocrx_word' id='word_1_291' title='bbox 878 3904 1243 3967; x_wconf 84' lang='lat' dir='ltr'><strong>necessario</strong></span> <span class='ocrx_word' id='word_1_292' title='bbox 1277 3898 1444 3964; x_wconf 88' lang='lat' dir='ltr'><strong>idem</strong></span> <span class='ocrx_word' id='word_1_293' title='bbox 1481 3897 1694 3963; x_wconf 91' lang='lat' dir='ltr'><strong>locum</strong></span> <span class='ocrx_word' id='word_1_294' title='bbox 1727 3898 1937 3963; x_wconf 83' lang='lat' dir='ltr'><strong>habet.</strong></span> <span class='ocrx_word' id='word_1_295' title='bbox 2012 3895 2142 3962; x_wconf 90' lang='lat' dir='ltr'><strong>Sed</strong></span> <span class='ocrx_word' id='word_1_296' title='bbox 2173 3897 2306 3982; x_wconf 84' lang='lat' dir='ltr'><strong>ipsa</strong></span> <span class='ocrx_word' id='word_1_297' title='bbox 2336 3892 2553 3973; x_wconf 86' lang='lat' dir='ltr'><strong>verba,</strong></span> 
     </span>
     <span class='ocr_line' id='line_1_35' title="bbox 349 3999 2555 4090; baseline -0.004 -20"><span class='ocrx_word' id='word_1_298' title='bbox 349 4007 444 4070; x_wconf 87' lang='lat' dir='ltr'><strong>uti</strong></span> <span class='ocrx_word' id='word_1_299' title='bbox 488 4026 657 4070; x_wconf 90' lang='lat' dir='ltr'><strong>nunc</strong></span> <span class='ocrx_word' id='word_1_300' title='bbox 700 4005 1091 4082; x_wconf 80' lang='lat' dir='ltr'><strong>exhibentur,</strong></span> <span class='ocrx_word' id='word_1_301' title='bbox 1135 4025 1346 4090; x_wconf 89' lang='lat' dir='ltr'><strong>neque</strong></span> <span class='ocrx_word' id='word_1_302' title='bbox 1393 4001 1708 4089; x_wconf 84' lang='lat' dir='ltr'><strong>explicare</strong></span> <span class='ocrx_word' id='word_1_303' title='bbox 1751 4001 1887 4067; x_wconf 89' lang='lat' dir='ltr'><strong>ullo</strong></span> <span class='ocrx_word' id='word_1_304' title='bbox 1931 3999 2130 4066; x_wconf 92' lang='lat' dir='ltr'><strong>modo</strong></span> <span class='ocrx_word' id='word_1_305' title='bbox 2174 4001 2390 4079; x_wconf 89' lang='lat' dir='ltr'><strong>ausim,</strong></span> <span class='ocrx_word' id='word_1_306' title='bbox 2434 4019 2555 4062; x_wconf 90' lang='lat' dir='ltr'><strong>nec</strong></span> 
     </span>
     <span class='ocr_line' id='line_1_36' title="bbox 350 4103 2554 4198; baseline -0.004 -24"><span class='ocrx_word' id='word_1_307' title='bbox 350 4131 614 4195; x_wconf 78' lang='lat' dir='ltr'><strong>prorsus</strong></span> <span class='ocrx_word' id='word_1_308' title='bbox 670 4112 950 4198; x_wconf 83' lang='lat' dir='ltr'><strong>genuina</strong></span> <span class='ocrx_word' id='word_1_309' title='bbox 1005 4130 1144 4174; x_wconf 88' lang='lat' dir='ltr'><strong>esse</strong></span> <span class='ocrx_word' id='word_1_310' title='bbox 1188 4129 1557 4194; x_wconf 88' lang='lat' dir='ltr'><strong>persuasum</strong></span> <span class='ocrx_word' id='word_1_311' title='bbox 1604 4106 1833 4171; x_wconf 88' lang='lat' dir='ltr'><strong>habeo.</strong></span> <span class='ocrx_word' id='word_1_312' title='bbox 1924 4105 2019 4169; x_wconf 88' lang='lat' dir='ltr'><strong>Ea</strong></span> <span class='ocrx_word' id='word_1_313' title='bbox 2065 4112 2320 4169; x_wconf 89' lang='lat' dir='ltr'><strong>secutus</strong></span> <span class='ocrx_word' id='word_1_314' title='bbox 2365 4103 2554 4165; x_wconf 87' lang='lat' dir='ltr'><strong>vesti·</strong></span> 
     </span>
     <span class='ocr_line' id='line_1_37' title="bbox 347 4203 2553 4301; baseline -0.005 -24"><span class='ocrx_word' id='word_1_315' title='bbox 347 4216 456 4301; x_wconf 76' lang='lat' dir='ltr'><strong>gia</strong></span> <span class='ocrx_word' id='word_1_316' title='bbox 514 4216 890 4300; x_wconf 87' lang='lat' dir='ltr'><strong>antiquioris</strong></span> <span class='ocrx_word' id='word_1_317' title='bbox 947 4215 1323 4299; x_wconf 88' lang='lat' dir='ltr'><strong>scripturae,</strong></span> <span class='ocrx_word' id='word_1_318' title='bbox 1381 4231 1544 4298; x_wconf 90' lang='lat' dir='ltr'><strong>quae</strong></span> <span class='ocrx_word' id='word_1_319' title='bbox 1600 4212 1669 4274; x_wconf 90' lang='lat' dir='ltr'><strong>in</strong></span> <span class='ocrx_word' id='word_1_320' title='bbox 1713 4211 2164 4275; x_wconf 88' lang='lat' dir='ltr'><strong>commentario</strong></span> <span class='ocrx_word' id='word_1_321' title='bbox 2209 4203 2553 4271; x_wconf 76' lang='lat' dir='ltr'><strong>Alexandri</strong></span> 
     </span>
     <span class='ocr_line' id='line_1_38' title="bbox 349 4308 2550 4404; baseline -0.005 -22"><span class='ocrx_word' id='word_1_322' title='bbox 349 4328 721 4404; x_wconf 88' lang='lat' dir='ltr'><strong>supersunt,</strong></span> <span class='ocrx_word' id='word_1_323' title='bbox 776 4318 946 4382; x_wconf 88' lang='lat' dir='ltr'><strong>hunc</strong></span> <span class='ocrx_word' id='word_1_324' title='bbox 1002 4316 1136 4381; x_wconf 86' lang='lat' dir='ltr'><strong>fere</strong></span> <span class='ocrx_word' id='word_1_325' title='bbox 1187 4319 1257 4380; x_wconf 87' lang='lat' dir='ltr'><strong>in</strong></span> <span class='ocrx_word' id='word_1_326' title='bbox 1298 4314 1560 4380; x_wconf 88' lang='lat' dir='ltr'><strong>modum</strong></span> <span class='ocrx_word' id='word_1_327' title='bbox 1604 4319 1896 4402; x_wconf 78' lang='lat' dir='ltr'><strong>suspicor</strong></span> <span class='ocrx_word' id='word_1_328' title='bbox 1937 4308 2338 4378; x_wconf 84' lang='lat' dir='ltr'><strong>scribendum</strong></span> <span class='ocrx_word' id='word_1_329' title='bbox 2386 4327 2550 4373; x_wconf 85' lang='lat' dir='ltr'><strong>esse:</strong></span> 
     </span>
     <span class='ocr_line' id='line_1_39' title="bbox 345 4408 2553 4510; baseline -0.005 -24"><span class='ocrx_word' id='word_1_330' title='bbox 345 4416 574 4486; x_wconf 75' lang='grc' dir='ltr'><em>πάντα</em></span> <span class='ocrx_word' id='word_1_331' title='bbox 625 4414 755 4508; x_wconf 76' lang='grc' dir='ltr'><strong>γὰρ</strong></span> <span class='ocrx_word' id='word_1_332' title='bbox 813 4413 909 4485; x_wconf 78' lang='grc' dir='ltr'><strong>τὰ</strong></span> <span class='ocrx_word' id='word_1_333' title='bbox 967 4420 1374 4510; x_wconf 72' lang='grc' dir='ltr'><em>διαφέροντα</em></span> <span class='ocrx_word' id='word_1_334' title='bbox 1418 4421 1731 4507; x_wconf 76' lang='grc' dir='ltr'><strong><em>φαίνεται</em></strong></span> <span class='ocrx_word' id='word_1_335' title='bbox 1771 4421 1884 4485; x_wconf 83' lang='grc' dir='ltr'><strong>καὶ</strong></span> <span class='ocrx_word' id='word_1_336' title='bbox 1929 4409 2214 4491; x_wconf 78' lang='grc' dir='ltr'><strong>ταύτά,</strong></span> <span class='ocrx_word' id='word_1_337' title='bbox 2270 4408 2352 4478; x_wconf 73' lang='grc' dir='ltr'><strong>οὐ</strong></span> <span class='ocrx_word' id='word_1_338' title='bbox 2408 4409 2553 4489; x_wconf 87' lang='lat' dir='ltr'><strong>(vel</strong></span> 
     </span>
     <span class='ocr_line' id='line_1_40' title="bbox 345 4506 2553 4613; baseline -0.006 -23"><span class='ocrx_word' id='word_1_339' title='bbox 345 4525 461 4590; x_wconf 78' lang='grc' dir='ltr'><strong>καὶ</strong></span> <span class='ocrx_word' id='word_1_340' title='bbox 506 4521 625 4606; x_wconf 82' lang='grc' dir='ltr'><strong>οὐ)</strong></span> <span class='ocrx_word' id='word_1_341' title='bbox 669 4521 880 4609; x_wconf 79' lang='grc' dir='ltr'><strong><em>μόνον</em></strong></span> <span class='ocrx_word' id='word_1_342' title='bbox 924 4529 1113 4613; x_wconf 62' lang='grc' dir='ltr'><em>ἕτερα</em></span> <span class='ocrx_word' id='word_1_343' title='bbox 1159 4517 1342 4600; x_wconf 78' lang='grc' dir='ltr'><strong><em>ὄντα,</em></strong></span> <span class='ocrx_word' id='word_1_344' title='bbox 1384 4515 1562 4588; x_wconf 67' lang='grc' dir='ltr'><strong>ἀλλὰ</strong></span> <span class='ocrx_word' id='word_1_345' title='bbox 1603 4516 1688 4588; x_wconf 77' lang='grc' dir='ltr'><strong>τὰ</strong></span> <span class='ocrx_word' id='word_1_346' title='bbox 1723 4525 1842 4609; x_wconf 75' lang='grc' dir='ltr'><strong>μὲν</strong></span> <span class='ocrx_word' id='word_1_347' title='bbox 1880 4515 1957 4588; x_wconf 78' lang='grc' dir='ltr'><strong>τὸ</strong></span> <span class='ocrx_word' id='word_1_348' title='bbox 1993 4522 2182 4605; x_wconf 74' lang='grc' dir='ltr'><em>γένος</em></span> <span class='ocrx_word' id='word_1_349' title='bbox 2219 4520 2425 4603; x_wconf 70' lang='grc' dir='ltr'><em>ἕτερα,</em></span> <span class='ocrx_word' id='word_1_350' title='bbox 2467 4506 2553 4579; x_wconf 76' lang='grc' dir='ltr'><strong>τὰ</strong></span> 
     </span>
    </p>
   </div>
  </div>
 </body>
</html>
