3109 5175
559 341 756 426 '540
1427 353 1528 424 Μ
1574 348 1644 423 6.
1727 345 1995 424 108οα.

609 527 932 615 thagorei‚
990 525 1143 591 licet
1185 525 1514 612 aliquanto
1560 524 1774 604 aliter,
1832 526 2110 591 numeris
2154 501 2459 590 summam
2504 524 2853 591 essentiae

611 630 981 718 dignitatem
1024 634 1524 719 assignaverant.
1613 631 1911 698 Numer-is
1970 632 2136 696 enim
2196 627 2450 698 definiri
2498 639 2567 695 et
2617 649 2853 694 nume-

609 755 824 802 rorum
878 733 1028 822 lege
1083 737 1223 822 regi
1280 756 1697 822 quaecunque
1752 734 1857 799 vel
1902 743 2052 802 sunt
2094 731 2199 799 vel
2251 732 2449 813 finnt,
2502 734 2851 798 neminem

607 846 830 925 potest
873 837 1073 904 latere
1117 837 1338 926 paullo
1384 842 1589 905 acrius
1636 847 1921 904 naturam
1967 857 2178 906 rerum
2229 840 2621 913 intuentem3
2688 840 2853 902 item

608 963 911 1008 numeros
953 945 1130 1029 ipsos
1173 942 1370 1030 plane
1413 963 1553 1008 esse
1600 942 1919 1022 definitos,
1963 952 2039 1010 ut
2078 945 2186 1028 qui
2232 940 2375 1006 aliis
2418 940 2620 1010 rebus
2672 939 2853 1005 fines

612 1045 1004 1125 describant,
1063 1059 1345 1133 apparet.
1436 1047 1566 1112 lam
1614 1046 1798 1112 Plato
1855 1067 2047 1133 quum
2105 1034 2387 1111 idearum
2446 1055 2727 1110 aeterna
2785 1055 2853 1107 et

609 1150 983 1216 immutabili
1040 1160 1267 1215 natura
1324 1153 1799 1216 universitatem
1855 1171 2064 1215 rerum
2125 1148 2516 1214 sensibilium
2560 1149 2725 1236 regi
2772 1168 2851 1211 ac

612 1255 868 1321 definiri
927 1267 993 1319 et
1049 1252 1129 1318 ad
1187 1253 1661 1320 similitudinem
1710 1253 2024 1341 quandam
2072 1263 2136 1318 et
2181 1257 2458 1342 speciem
2506 1254 2848 1318 essentiae

610 1360 875 1449 perduci
921 1362 1271 1438 statuisset,
1327 1357 1504 1424 ideas
1549 1370 1759 1424 autem
1802 1380 1923 1446 per
1967 1380 2067 1438 se,
2122 1356 2299 1423 nulla
2350 1358 2565 1423 habita
2614 1376 2845 1421 rerum

612 1462 1006 1530 sensibilium
1049 1466 1300 1528 ratione
1337 1461 1607 1529 definire
1637 1485 1770 1529 non
1801 1473 2024 1549 posset
2066 1461 2186 1543 (cf.
2217 1463 2280 1526 Ζ
2306 1464 2411 1527 16.
2445 1461 2657 1527 10405
2685 1461 2841 1540 3⁰),

613 1591 769 1655 quas
799 1578 1011 1634 tamen
1040 1571 1129 1633 ita
1159 1567 1527 1634 definivisse
1556 1567 1639 1632 ad
1670 1564 2163 1633 consummanda
2197 1569 2333 1632 eius
2360 1565 2598 1653 placita
2630 1585 2837 1652 quum

610 1677 876 1739 maxime
919 1674 1372 1758 requirereturz
1423 1693 1697 1758 pronum
1742 1692 1897 1736 sane
1943 1680 2099 1750 erat,
2142 1670 2318 1758 quod
2363 1670 2444 1736 ad
2487 1670 2677 1735 ideas
2726 1667 2839 1734 de·

523 1781 530 1788 '
611 1776 928 1844 finiendas
985 1774 1487 1854 desideraretur,
1543 1774 1609 1842 id
1664 1784 1960 1862 repetere
2005 1795 2412 1841 numerorum
2458 1795 2535 1841 ex
2577 1785 2834 1852 natura,

611 1880 918 1967 ideasque
961 1881 1204 1946 referre
1247 1878 1328 1944 ad
1375 1900 1673 1946 numeros
1718 1877 1824 1943 vel
1868 1900 2167 1945 numeros
2211 1899 2335 1967 pro
2371 1878 2688 1966 symbolis
2721 1877 2835 1942 ad-

611 1984 838 2051 hibere
881 1983 1163 2051 idearum
1208 1986 1330 2066 (cf.
1365 1984 1691 2070 Theophr.
1725 1983 1882 2048 Met.
1915 1984 2063 2061 313,
2095 1986 2163 2050 7:
2208 1977 2504 2050 Πλάτων
2543 1984 2669 2068 μὲν
2706 1972 2831 2050 οὖν

613 2093 685 2157 ἐν
729 2092 822 2172 τῷ
866 2086 1136 2174 ἀνάγειν
1180 2082 1308 2170 (τὰ
1353 2083 1556 2168 ὄντα)
1601 2092 1692 2164 εὶς
1745 2079 1866 2162 τὰς
1921 2081 2133 2172 ἀρχὰς
2188 2083 2434 2165 δόξαιεν
2490 2081 2575 2152 ἂν
2626 2082 2829 2152 ἅπτε·

613 2194 792 2258 σθαι
834 2195 965 2258 τῶν
1009 2187 1258 2272 ἄλλων,
1314 2197 1404 2269 εἰς
1458 2185 1581 2267 τὰς
1636 2191 1816 2265 ἰδέας
1859 2185 2203 2269 ἀνάπτων,
2251 2183 2565 2267 ’ταύτας
2608 2188 2669 2256 δ’
2713 2194 2830 2265 εἰς

612 2289 802 2373 τοὺς
846 2292 1297 2381 ἀριθμούς,
1342 2301 1413 2360 ὲκ
1457 2296 1526 2361 δὲ
1571 2291 1821 2361 τούτων
1868 2298 1955 2370 εὶς
1997 2287 2119 2369 τὰς
2156 2289 2446 2382 dada).
2513 2293 2828 2380 Quocun-

613 2422 739 2486 que
783 2402 851 2465 in
896 2400 1016 2464 hac
1059 2422 1133 2464 re
1176 2399 1381 2466 verbo
1438 2409 1719 2479 utamur,
1773 2396 2121 2464 verendum
2179 2400 2378 2486 magis
2437 2407 2536 2466 ast
2590 2419 2675 2464 ne
2730 2399 2824 2462 ni·

613 2509 833 2582 mium,
894 2527 1076 2592 quam
1136 2526 1220 2569 ne
1273 2524 1493 2590 parum
1554 2525 1692 2569 eam
1744 2501 2139 2570 definiamus.
2229 2501 2414 2568 Plato
2460 2504 2627 2568 enim
2674 2499 2825 2567 licet

615 2631 692 2676 ex
738 2609 1100 2677 Aristotelis
1154 2611 1524 2675 testimonio
1585 2608 1817 2676 dixisse
1872 2606 2164 2673 videatur
2219 2602 2339 2684 τὰς
2382 2607 2563 2683 ideae
2605 2601 2823 2672 εἶναι

615 2709 969 2800 ἀριθμούς,
1012 2725 1222 2778 tamen
1267 2714 1388 2778 hos
1433 2734 1751 2793 numeros,
1797 2715 1905 2799 qui
1941 2710 2223 2778 idearum
2264 2713 2686 2798 exprimerent
2715 2732 2820 2775 na·-

615 2828 833 2897 turam,
869 2841 906 2882 a
936 2819 1388 2883 mathematicis
1420 2840 1492 2884 ea
1526 2819 1808 2884 distinxit
1836 2820 2105 2896 ratione,
2140 2839 2309 2903 quae
2338 2839 2408 2882 re
2436 2838 2588 2883 vera
2621 2819 2818 2903 ipsam

611 2944 1020 2990 numerorum
1055 2932 1339 2988 naturam
1386 2926 1641 3009 penitus
1679 2920 1954 2989 tolleret·
2030 2921 2169 2987 Hos
2206 2924 2370 2987 enim
2401 2941 2702 2989 numeros
2728 2919 2820 2985 di-

611 3031 705 3094 xit
751 3049 890 3094 esse
936 3022 1424 3111 ἀσυμβλήτους,
1484 3029 1841 3092 consociari
1888 3046 2018 3092 non
2065 3044 2261 3111 posse
2304 3046 2426 3090 nec
2469 3027 2816 3112 computari

615 3130 881 3196 alterum
929 3153 1067 3194 cum
1115 3129 1338 3194 altero.
1426 3129 1557 3195 Sed
1615 3150 1804 3217 quum
1858 3132 2136 3197 numeris
2182 3126 2538 3208 abstractis,
2595 3139 2819 3216 utpote

611 3233 1158 3322 magnitudinibus
1217 3231 1499 3299 eiusdem
1557 3237 1826 3320 speciei,
1882 3233 1948 3298 id
2004 3237 2370 3299 necessario
2413 3232 2819 3299 tribuendum

613 3341 713 3417 sit,
759 3349 832 3403 ut
872 3341 1260 3403 incrementa
1304 3359 1380 3402 ac
1423 3336 1826 3405 decrementa
1870 3341 2038 3403 inter
2079 3359 2150 3402 se
2198 3348 2263 3403 et
2298 3337 2586 3405 efficiant
2616 3349 2687 3404 et
2712 3359 2819 3425 pa-

614 3445 879 3523 tiantur,
923 3443 1053 3509 hoc
1094 3446 1202 3530 qui
1248 3453 1458 3532 negat,
1506 3446 1561 3507 is
1606 3462 1904 3509 numeros
1948 3440 2286 3508 manifesto
2330 3463 2467 3508 non
2511 3446 2820 3529 quantita-

615 3559 712 3614 tes
758 3546 1052 3613 definitas
1101 3569 1241 3613 esse
1287 3546 1468 3626 dicit,
1520 3547 1636 3613 sed
1682 3545 2017 3634 qualitates
2061 3544 2385 3625 definitas,
2430 3570 2586 3634 quas
2630 3568 2819 3634 quum

613 3655 784 3739 ipsas
829 3651 1192 3718 describere
1235 3673 1368 3717 non
1415 3654 1621 3737 possit
1665 3650 1747 3717 ad
1791 3672 2199 3718 numerorum
2231 3653 2571 3739 imaginem
2601 3652 2823 3717 confu-

613 3759 727 3844 git.
804 3758 1014 3843 Atque
1057 3757 1222 3823 hanc
1264 3756 1350 3822 de
1390 3760 1668 3823 numeris
1714 3754 2085 3835 doctrinam,
2130 3776 2294 3841 quae
2338 3758 2405 3821 in
2439 3758 2579 3843 ipsa
2611 3755 2821 3822 Plato-

611 3863 714 3924 nis
759 3858 1166 3947 philosophia
1211 3863 1311 3926 vix
1356 3860 1541 3925 aliam
1584 3882 1767 3947 quam
1808 3860 2180 3947 appendicis
2218 3858 2426 3926 locum
2459 3871 2681 3947 potest
2709 3859 2820 3925 ob-

615 3965 838 4041 tinere,
884 3967 924 4026 ii
974 3984 1047 4029 ex
1095 3964 1423 4052 discipulis
1469 3964 1774 4042 Platonis,
1818 3967 1926 4051 qui
1971 3966 2039 4029 in
2081 3962 2492 4051 philosophia
2538 3965 2818 4053 magistri

615 4069 1094 4152 acquieverunt,
1153 4079 1493 4155 tantopere
1535 4068 2017 4147 adamaverunt,
2071 4079 2144 4136 ut
2187 4071 2450 4149 omissa,
2507 4068 2684 4156 quod
2729 4078 2824 4134 est

616 4171 987 4238 Platonicae
1043 4171 1490 4258 philosophiae
1547 4184 1768 4260 caput,
1824 4172 2109 4241 idearum
2167 4173 2456 4240 doctrina
2500 4175 2571 4238 in
2616 4174 2822 4259 exqui—

617 4277 814 4343 renda
859 4296 1265 4342 numerorum
1311 4274 1566 4343 illorum
1622 4279 1870 4342 ratione
1914 4299 2119 4365 prope
2166 4280 2353 4343 unice
2396 4276 2825 4355 elaborarent,

616 4380 790 4449 uude
847 4380 1226 4470 intelligitur
1281 4402 1393 4446 cur
1448 4390 1689 4445 tantum
1748 4401 1986 4475 operae
2039 4385 2116 4447 iis
2161 4381 2513 4449 refutandis
2557 4382 2667 4449 Ar.
2714 4382 2820 4445 tri-

617 4485 846 4551 buerit.
929 4487 1236 4553 Nimirum
1282 4508 1473 4572 quum
1517 4487 1793 4573 ingeniis
1838 4487 2210 4553 viderentur
2253 4486 2450 4553 fuisse
2492 4485 2577 4552 ad
2618 4481 2823 4573 philo·
