3109 5175
2453 400 2541 472 15

472 576 725 640 Etenim
772 573 916 641 libri
953 574 1027 641 K
1064 573 1406 662 singularis
1450 572 1757 660 quaedam
1803 583 1903 639 est
1944 576 2128 640 ratio.
2205 576 2430 641 Priore
2471 575 2545 640 li-

334 678 439 743 bri
480 688 664 765 parte
706 701 761 744 c.
801 675 1018 743 1—8.
1067 679 1281 744 1065·
1318 680 1406 744 26
1462 677 1588 759 (de
1644 679 2005 765 posteriore
2053 690 2233 764 parte
2278 681 2547 766 posthac

336 781 596 847 dicendi
650 785 776 848 erit
830 781 1053 862 locus)
1110 780 1334 846 eadem
1390 782 1620 848 eodem
1677 781 1908 848 ordine
1955 781 2213 848 brevius
2258 789 2544 870 exposita

338 884 638 974 legimus,
694 907 861 970 quae
914 884 1175 950 uberius
1230 884 1670 972 disceptantur
1722 884 1904 950 libris
1951 885 2153 951 ΒΓΕ.
2245 889 2399 953 Non
2444 909 2545 953 ex-

338 999 625 1076 cerptum
684 1010 825 1054 esse
880 986 1114 1054 librum
1155 987 1229 1054 K
1280 988 1406 1054 illis
1459 1010 1536 1053 ex
1578 987 1760 1054 libris
1803 988 1993 1054 facile
2035 990 2379 1070 concedet,
2437 994 2546 1079 qui

340 1114 505 1180 quae
546 1096 809 1180 propria
852 1096 982 1158 sint
1022 1091 1192 1158 libro
1233 1092 1320 1171 K,
1364 1114 1529 1178 quae
1571 1096 1775 1157 minus
1821 1102 1971 1178 epte
2015 1103 2080 1159 et
2123 1093 2399 1161 dilucide
2445 1117 2547 1160 ex-

341 1200 553 1284 posita
598 1205 782 1284 q'uam
827 1200 896 1262 in
940 1195 1372 1283 superioribus
1417 1195 1613 1276 libris,
1656 1205 1898 1278 attente
1941 1196 2303 1264 contulerit.
2382 1197 2548 1266 Dili-

342 1309 572 1387 genter
624 1322 701 1365 ac
752 1299 1070 1366 subtiliter
1126 1321 1265 1366 eam
1321 1319 1454 1367 rem
1510 1302 1922 1387 pertractavit
1976 1300 2345 1368 Brandisius
2402 1302 2447 1367 l.
2501 1302 2544 1366 l.

343 1426 407 1490 p.
452 1406 541 1469 66
584 1423 750 1490 sqq.;
805 1406 930 1491 ipsi
985 1403 1215 1490 quibus
1271 1408 1338 1468 in
1392 1402 1587 1469 rebus
1643 1403 1901 1472 differat
1940 1402 2105 1469 liber
2148 1406 2220 1470 K
2275 1428 2312 1470 a
2367 1404 2546 1471 libris

343 1507 540 1573 ΒΓΕ
573 1509 641 1572 in
672 1509 1196 1594 interpretatione
1232 1506 1377 1571 libri
1406 1507 1476 1572 K
1518 1507 1800 1572 breviter
1837 1507 2348 1596 significavimus.
2415 1511 2548 1574 Ve-

341 1633 479 1677 rum
526 1613 694 1676 enim
737 1632 896 1676 vero
939 1609 1007 1675 id
1054 1621 1152 1675 est
1196 1609 1451 1676 dicendi
1493 1631 1699 1699 genus
1735 1612 1803 1675 in
1836 1614 2051 1697 priore
2084 1622 2270 1697 parte
2301 1611 2449 1677 libri
2479 1611 2546 1676 K

342 1735 419 1779 ac
463 1725 676 1780 tantus
721 1736 861 1779 cum
905 1713 1085 1779 libris
1128 1714 1326 1779 ΒΓΕ
1359 1716 1811 1780 sententiarum
1857 1717 2136 1779 omnium
2181 1725 2546 1796 concentus,

342 1829 417 1883 ut
459 1818 539 1883 ab
583 1816 713 1882 alio
757 1827 908 1904 post
936 1815 1342 1884 Aristotelem
1388 1817 1780 1905 philosopho
1822 1819 2246 1906 Peripatetico
2289 1839 2434 1884 eum
2476 1818 2547 1883 liu

341 1922 524 1987 hrum
571 1926 873 2008 scriptum
920 1941 1078 2000 esse,
1123 1943 1247 1986 nec
1288 1921 1628 2008 probabile
1671 1932 1738 1988 et
1777 1925 1886 1987 vix
1928 1921 2230 1987 credibile
2273 1943 2415 1987 esse
2458 1927 2547 1986 vi·

342 2027 587 2092 deatur.
677 2027 900 2111 ltaque
942 2028 998 2089 si
1041 2023 1125 2089 de
1168 2024 1393 2090 iisdem
1441 2025 1632 2090 rebus
1674 2025 1773 2090 bis
1817 2023 1898 2088 ab
1945 2025 2290 2090 Aristotele
2333 2025 2549 2110 dispu-

341 2139 541 2194 tatum
597 2148 739 2194 esse
793 2131 1119 2215 ponimuS,
1177 2126 1434 2193 brevius
1490 2127 1662 2192 libro
1708 2129 1776 2192 K
1824 2127 1860 2192 1
1886 2129 2048 2206 -8,
2106 2131 2434 2215 copiosius
2481 2140 2549 2193 et

343 2230 739 2297 enucleatius
783 2231 961 2297 libris
1005 2230 1221 2308 ΒΓΕ,
1266 2230 1514 2296 tollitur
1555 2230 1707 2296 inde
1752 2252 1934 2317 quam
1981 2252 2170 2296 unam
2213 2254 2548 2319 superesse

343 2336 473 2401 dixi
528 2336 611 2400 de
665 2337 957 2400 instituto
1015 2333 1318 2400 librorum
1376 2335 1953 2421 metaphysicorum
2016 2335 2243 2400 ordine
2303 2336 2547 2402 dubita»

341 2444 602 2505 tionem.
690 2439 980 2523 Namque
1035 2440 1101 2501 in
1159 2436 1324 2502 libro
1370 2440 1444 2528 K
1496 2442 1804 2505 continuo
1861 2448 2015 2524 post
2071 2443 2423 2525 expositum
2481 2451 2549 2506 et

343 2541 783 2609 confirmatum
847 2541 1337 2607 ratiocinatione
1403 2545 1780 2629 principium
1849 2540 2368 2609 contradictionis
2423 2546 2548 2631 pri-

340 2666 512 2713 mum
569 2649 753 2712 notio
811 2649 1052 2731 primae
1106 2644 1554 2731 philosophiae
1610 2644 1903 2711 subtilius
1966 2646 2405 2735 distinguitur,
2474 2668 2551 2711 ac

344 2749 582 2814 deinde
627 2770 741 2814 ens
788 2748 1181 2814 accidentale
1224 2758 1289 2812 et
1334 2769 1447 2813 ens
1490 2748 1682 2826 illud,
1738 2748 1916 2836 quod
1972 2754 2303 2815 veritatem
2354 2753 2549 2837 signi-

344 2851 515 2931 fient,
557 2873 595 2916 a
639 2852 1071 2941 disputatione
1106 2852 1491 2918 instituenda
1528 2862 1919 2928 removetun
1964 2856 2179 2940 itaque
2210 2852 2548 2939 probabile

346 2967 464 3033 est,
505 2977 715 3042 neque
758 2955 962 3022 libros
995 2956 1064 3021 Γ
1097 2966 1163 3020 et
1196 2956 1273 3034 E,
1317 2955 1547 3042 quibus
1595 2955 1813 3020 eadem
1862 2955 2088 3020 eodem
2135 2956 2361 3021 ordine
2405 2979 2550 3043 per-

346 3063 641 3125 tractavit
683 3071 877 3146 atque
916 3063 983 3127 in
1026 3058 1196 3123 libro
1237 3060 1323 3138 K,
1367 3059 1778 3125 Aristotelem
1821 3058 1928 3125 vel
1969 3063 2363 3147 interpositis
2408 3061 2547 3126 aliis

344 3163 528 3229 libris
572 3164 677 3228 vel
717 3163 851 3228 ulla
890 3160 1014 3227 alia
1057 3166 1309 3228 ratione
1346 3161 1634 3228 voluisse
1675 3165 2030 3251 seiungere.

394 3290 409 3303 ’
478 3268 657 3333 Haec
710 3270 767 3331 si
825 3277 1135 3353 tamquam
1190 3266 1599 3332 fundamenta
1661 3260 2110 3353 disputationis
2168 3272 2327 3355 poni
2382 3268 2548 3349 licet,

347 3384 537 3437 unam
561 3382 628 3436 et
650 3373 1013 3435 continuam
1036 3366 1525 3456 disputationem
1548 3372 1759 3434 inesse
1779 3374 1847 3435 in
1872 3369 2050 3437 libris
2068 3370 2275 3437 ΑΒΓ
2266 3374 2466 3438 ΕΖΗ
2474 3373 2547 3453 Θ,

346 3496 590 3562 eosque
634 3474 834 3539 libros
879 3474 1005 3538 hoc
1047 3473 1278 3540 ordine
1321 3472 1402 3537 ab
1447 3477 1589 3559 ipso
1635 3494 1776 3537 esse
1806 3475 2150 3540 Aristotele
2186 3476 2549 3561 dispositos,

347 3582 470 3646 iam
517 3578 601 3643 de
644 3577 902 3664 reliquis
947 3576 1125 3642 libris
1169 3575 1417 3643 facilius
1462 3580 1585 3642 erit
1627 3575 2023 3663 probabilem
2074 3579 2363 3665 proferre
2406 3601 2548 3645 sen-

346 3685 631 3747 tentiam.
770 3717 779 3727 ·
2263 3704 2271 3713 ·

481 3788 577 3850 Ac
617 3787 887 3871 primum
930 3784 1183 3873 quidem
1228 3783 1394 3851 liber
1438 3808 1483 3849 α
1527 3794 1738 3851 utrum
1776 3782 1857 3849 ab
1891 3785 2236 3851 Aristotele
2278 3788 2420 3873 ipso
2463 3808 2548 3853 au

350 3888 432 3953 ab
477 3888 605 3954 alio
651 3887 935 3954 eiusdem
978 3888 1353 3976 disciplinae
1395 3888 1788 3976 philosopho
1833 3892 2135 3976 scriptuS,
2176 3900 2382 3955 utrum
2426 3913 2547 3957 suo

350 3992 501 4057 loco
546 3995 793 4078 positus
841 4014 923 4057 an
969 3993 1099 4058 alio
1142 3993 1620 4061 transferendus
1667 4002 1851 4072 esset,
1893 3996 2013 4057 iam
2059 3996 2400 4080 antiquitus
2443 4017 2549 4060 va-

349 4099 445 4161 rie
480 4095 831 4163 dubitatum
873 4118 1013 4162 esse
1052 4108 1119 4162 et
1154 4094 1499 4162 iudicatum
1540 4119 1615 4161 ex
1651 4097 2107 4183 interpretibus
2139 4097 2403 4164 Graecis
2442 4119 2550 4164 co-

348 4205 730 4289 gnoscimuS.
805 4203 1093 4266 Fuerunt
1138 4205 1303 4267 enim
1349 4205 1456 4287 qui
1502 4222 1637 4266 non
1680 4200 2041 4267 Aristotelis
2089 4222 2227 4266 esse
2271 4203 2441 4267 hunc
2475 4202 2549 4268 li-

349 4302 534 4369 brum
578 4303 695 4369 sed
722 4304 985 4370 Pasiclis
1016 4304 1314 4383 dicerent,
1358 4305 1441 4369 cl'.
1487 4329 1533 4367 a
1568 4306 1626 4369 l.
1657 4307 1826 4370 993⁶
1856 4307 1944 4370 29
1974 4328 2103 4369 var.
2134 4304 2308 4370 lect:
2351 4309 2546 4371 τοῦτο

344 4403 428 4474 τὰ
468 4408 735 4494 βιβλίον
778 4412 843 4473 οὶ
885 4410 1147 4484 πλείους
1190 4409 1398 4497 φασὶν
1443 4402 1612 4474 εἶναι
1654 4410 2066 4487 Πασικλέους
2120 4411 2244 4475 τοῦ
2275 4406 2545 4488 Ῥοδίου,

349 4506 426 4590 ὃς
466 4502 555 4593 ἦν
596 4505 929 4601 ἀκροατὴς
968 4511 1478 4601 Ἀριστοτέλους,
1533 4505 1675 4590 ὐἱὸς
1726 4512 1796 4579 δὲ
1835 4512 2132 4593 Βοηθοῦ
2171 4513 2291 4579 τοῦ
2331 4507 2545 4592 Εὐδή-
