3109 5175
571 365 722 440 220
1403 370 1474 440 Δ
1530 366 1593 440 l.
1676 365 1946 440 1013a.

578 541 909 630 plectitur,
964 542 1275 629 simulque
1326 564 1490 629 quae
1534 542 1689 608 inde
1728 545 2041 608 exsistant
2077 545 2144 607 in
2188 563 2308 609 usu
2350 542 2537 608 buius
2581 546 2784 608 nomi-

576 651 675 710 nis
721 645 1120 712 diversitates
1169 645 1507 733 significat.
1600 645 1959 713 Commune
2015 650 2181 711 enim
2234 648 2412 711 omni
2466 650 2781 732 principio

573 749 734 815 illud
783 761 907 828 est,
965 761 1037 816 ut
1095 752 1364 837 primum
1421 753 1505 814 sit
1563 752 1631 814 in
1688 748 1897 836 aliqua
1954 754 2120 816 serie
2170 749 2322 815 inde
2366 771 2513 816 orsa
2563 751 2674 831 (K
2719 753 2779 815 l.

578 856 790 919 10600
828 858 893 918 l:
940 849 1112 941 ἀρχὴ
1154 849 1232 919 τὸ
1277 855 1740 936 συναναιροῦν.
1806 854 2000 941 Phys.
2030 856 2059 918 1
2090 858 2152 921 5.
2186 855 2351 920 188·
2373 855 2460 919 27
2472 879 2490 917 z
2534 854 2634 919 δεῖ
2661 847 2785 930 τὰς

567 952 786 1042 ’ἀρχὰς
828 953 991 1040 μήτε
1036 955 1105 1036 ἐξ
1149 954 1452 1036 ἀλλήλων
1496 952 1666 1021 εἶναι
1705 953 1871 1043 μήτε
1914 955 1985 1036 ἐξ
2028 952 2277 1035 ἄλλων,
2331 959 2448 1023 καὶ
2502 962 2575 1022 ὲκ
2630 952 2782 1022 τού-

573 1081 705 1126 των
737 1057 982 1126 πάντα.
1039 1062 1158 1125 An.
1195 1070 1358 1146 post.
1396 1060 1427 1124 1
1464 1061 1529 1123 2.
1573 1062 1693 1125 72ae
1718 1064 1780 1126 6.
1838 1062 2021 1126 Poet.
2058 1064 2118 1126 7.
2156 1063 2361 1127 145011
2383 1064 2468 1126 27
2484 1067 2530 1142 ),
2574 1059 2784 1125 diver-

573 1167 730 1229 sitas
786 1176 995 1231 autem
1053 1162 1206 1228 inde
1265 1166 1530 1243 exsistit,
1585 1163 1761 1250 quod
1815 1163 1927 1228 illa
1985 1167 2183 1229 series
2232 1186 2373 1230 esse
2410 1176 2634 1252 potest
2672 1165 2783 1230 vel

577 1272 891 1333 essentiae
946 1267 1542 1368 vebgenerationis
1601 1266 1707 1331 vel
1752 1271 2169 1356 cognitionis,
2226 1281 2291 1333 et
2334 1267 2507 1356 quod
2552 1270 2784 1355 princi-

573 1377 748 1459 pium
806 1371 910 1437 vel
969 1375 1176 1436 inesse
1235 1380 1450 1456 potest
1509 1369 1700 1436 rebus
1744 1370 1895 1436 inde
1941 1371 2233 1437 deductis
2273 1371 2380 1438 vel
2425 1393 2566 1438 esse
2609 1380 2781 1436 extra

578 1498 707 1541 eas.
770 1475 930 1541 Inde
960 1473 1146 1539 facile
1177 1473 1571 1561 explicantur
1598 1494 1767 1539 nova
1798 1478 2253 1562 principiorum
2285 1474 2584 1563 ωαψς
2616 1496 2783 1562 quae

571 1583 697 1645 inm
744 1583 1102 1668 promiscue
1144 1578 1333 1644 affert
1369 1581 1539 1655 ⁸2⁰3
1586 1599 1861 1665 namque
1901 1575 2097 1668 ᾳώσις
2142 1589 2207 1645 et
2249 1589 2571 1665 στοιχεῖον
2611 1581 2781 1666 prin-

567 1688 743 1769 cipia
789 1695 943 1750 sunt
983 1693 1298 1768 tamquam
1345 1679 1813 1768 ἐνυπάρχοντα,
1855 1683 1993 1747 sive
2028 1680 2235 1771 φύσιν
2268 1682 2652 1752 intellexeris
2686 1687 2784 1752 in-

571 1800 823 1852 ternum
870 1790 964 1852 rei
1009 1789 1391 1873 principium
1435 1806 1718 1864 movens,
1762 1790 1914 1867 sive,
1956 1785 2135 1873 quod
2168 1798 2237 1851 et
2267 1786 2628 1853 Alexander
2669 1809 2783 1853 vo-

575 1889 699 1955 luit
739 1914 804 1977 p.
839 1893 990 1970 306,
1031 1894 1078 1956 9
1122 1900 1188 1955 et
1229 1900 1500 1977 propter
1541 1889 1823 1956 additum
1862 1891 1978 1955 καὶ
2032 1883 2113 1955 τὸ
2168 1899 2495 1976 στοιχεῖον
2546 1892 2783 1979 proba-

576 1994 709 2061 bile
758 2007 871 2074 est,
917 1990 1403 2070 materiam'rei;
1452 1995 1530 2059 cf.
1570 1993 1651 2059 ad
1685 1996 1740 2059 Δ
1769 1996 1831 2059 4.
1904 1993 2159 2059 Deinde
2201 1991 2465 2061 derivem
2510 2008 2576 2060 et
2616 2017 2783 2080 προ-

571 2100 823 2185 αίρεσις
865 2098 947 2163 ad
994 2101 1276 2184 quintam
1319 2097 1660 2164 referenda
1705 2108 1856 2163 sunt
1895 2101 2192 2185 principii
2228 2100 2781 2188 significationem,

574 2213 885 2288 tamquam
945 2213 1201 2266 externa
1260 2205 1579 2289 principia
1630 2201 1952 2266 movendi.
2043 2202 2230 2287 Quae
2288 2202 2523 2269 deinde
2580 2209 2782 2274 numib

569 2317 761 2370 natur
792 2303 1002 2382 οὐσία,
1049 2328 1124 2368 ea
1154 2305 1487 2372 Aristoteli
1532 2316 1632 2370 est
1672 2303 1717 2385 ἡ
1750 2302 1898 2370 κατ’
1942 2301 2115 2382 εἶδος
2156 2303 2345 2392 ἀρχή,
2392 2309 2475 2373 cf.
2500 2308 2585 2372 ad
2614 2311 2686 2374 A
2714 2314 2778 2375 6.

569 2412 735 2475 987⁶
769 2410 885 2485 213
945 2408 1010 2473 id
1067 2411 1361 2495 principii
1420 2431 1659 2498 genus,
1716 2408 1869 2473 alibi
1920 2412 2288 2495 saepissime
2332 2431 2781 2478 commemora-

573 2524 722 2593 tum,
768 2513 846 2577 οῖ.
892 2512 973 2577 ad
1020 2515 1092 2578 A
1129 2515 1194 2578 3.
1231 2515 1399 2579 983⁴·
1427 2514 1532 2594 27,
1578 2514 1680 2577 hie
1722 2516 1789 2578 in
1838 2512 2281 2579 enumerandis
2326 2519 2620 2604 principii
2665 2537 2781 2582 no-

576 2618 857 2683 tionibus
917 2623 1243 2697 omiserat;
1301 2618 1478 2706 quod
1536 2621 1699 2683 enim
1756 2629 1939 2682 sexto
1996 2617 2149 2683 loeo
2209 2623 2485 2704 positum
2530 2631 2631 2686 est
2675 2642 2782 2686 co-

573 2721 926 2810 gnoscendi
985 2726 1359 2809 principium
1418 2724 1697 2788 conferri
1745 2720 2000 2807 quidem
2048 2745 2187 2787 cum
2232 2743 2316 2786 eo
2359 2734 2605 2810 potest,
2663 2724 2778 2790 sed

575 2846 968 2912 nequaquam
1028 2837 1237 2891 tamen
1285 2825 1454 2891 idem
1508 2839 1623 2892 est.
1711 2827 2011 2911 Denique
2055 2820 2131 2891 τὸ
2176 2817 2259 2891 οὗ
2302 2833 2487 2892 ἕνεκα
2533 2831 2640 2914 qui
2689 2828 2779 2892 di-

575 2942 751 2995 catur
807 2932 1215 3016 principium,
1272 2934 1410 3016 ipse
1469 2934 1763 3016 exponit3
1818 2930 2028 2994 multis
2088 2932 2254 2995 enim
2312 2932 2505 2995 rebus
2560 2931 2666 2995 vel
2709 2943 2781 2996 ut

575 3044 1048 3121 cognoscantur
1100 3033 1207 3098 vel
1266 3042 1337 3097 ut
1391 3044 1768 3098 moveantur
1827 3055 2077 3098 causam
2125 3055 2264 3099 esse
2310 3027 2626 3116 τάγαθὸν
2669 3035 2779 3098 καὶ

578 3130 651 3200 τὸ
694 3133 917 3202 καλόν.
1006 3138 1211 3199 Recte
1253 3135 1489 3199 Brand.
1538 3149 1604 3205 et
1643 3136 1767 3202 Bk.
1816 3159 1891 3203 ex
1936 3136 2303 3202 Alexandro
2362 3139 2783 3202 restituerunt

573 3236 797 3317 καλόν,
844 3239 992 3304 licet
1035 3242 1200 3304 enim
1249 3237 1589 3304 lectionem
1642 3235 1846 3306 καλόν
1891 3241 2119 3327 reliqui
2154 3240 2299 3304 libri
2338 3262 2519 3305 mser.
2556 3261 2780 3305 omnes

557 3352 887 3421 tueantur,
926 3364 1187 3428 eamque
1217 3347 1563 3429 scripturae
1596 3344 2081 3432 discrepantiam
2108 3348 2607 3431 satis.antiquam
2640 3366 2780 3409 esse

580 3444 938 3511 Alexander
968 3459 1236 3513 testetur
1272 3472 1336 3534 p.
1365 3450 1516 3527 306,
1548 3451 1650 3528 16,
1694 3460 1903 3514 tamen
1939 3448 2166 3513 malum
2204 3470 2323 3535 per
2354 3470 2426 3512 se
2460 3469 2778 3534 nunquam

574 3571 695 3615 nee
737 3561 953 3637 potest
997 3551 1120 3615 dici
1165 3575 1287 3617 nee
1331 3550 1562 3617 dieitur
1607 3552 1685 3617 ab
1722 3551 2069 3617 Aristotele
2112 3574 2298 3618 causa
2344 3551 2574 3617 finalis.
2642 3550 2781 3616 Cur

575 3664 782 3719 autem
837 3654 921 3719 ad
979 3652 1295 3739 τάγαθόν
1350 3656 1669 3722 addiderit
1722 3650 1798 3721 τὸ
1854 3652 2089 3734 καλόν,
2146 3659 2270 3722 nisi
2326 3655 2777 3721 abundantiam

575 3757 887 3843 quandam
931 3758 1187 3825 dicendi
1236 3781 1374 3825 esse
1419 3763 1762 3847 putaveris,
1810 3763 2123 3831 rationem
2168 3770 2420 3845 repetas
2468 3782 2543 3825 ex
2592 3762 2681 3824 M
2714 3762 2777 3839 ἃ.

559 3862 786 3926 -1078σ
821 3863 929 3926 32.

706 3965 1081 4030 Universam
1127 3967 1310 4033 huius
1358 3970 1579 4053 capitis
1624 3967 2120 4054 disputationem
2164 3973 2220 4034 si
2262 3969 2779 4054 contemplamur,

579 4066 762 4130 facile
817 4080 1079 4154 apparet
1135 4080 1434 4156 quantum
1493 4070 1903 4151 desideretur,
1961 4082 2032 4136 ut
2085 4071 2193 4136 vel
2251 4075 2536 4137 notionis
2581 4072 2779 4159 ipsius

575 4169 740 4235 lines
795 4175 947 4236 satis
1004 4184 1296 4238 accurate
1355 4173 1740 4261 descriptos,
1798 4174 1902 4239 vel
1959 4179 2201 4241 varium
2258 4181 2395 4242 eius
2450 4192 2631 4241 usum
2678 4178 2778 4239 via

576 4294 652 4339 ac
706 4278 956 4341 ratione
1013 4280 1365 4362 expositum
1423 4290 1733 4364 putemus.
1823 4281 1987 4344 Nam
2044 4284 2311 4365 primum
2372 4277 2623 4365 quidem
2676 4300 2779 4342 va-

577 4381 700 4442 rias
746 4382 1020 4445 nominis
1078 4380 1582 4467 significationes
1635 4386 1956 4471 congerit,
2012 4387 2227 4468 prouti
2270 4382 2377 4447 vel
2419 4385 2485 4447 in
2529 4381 2779 4471 vulgari

576 4484 871 4547 sermone
916 4481 1020 4546 vel
1065 4485 1131 4547 in
1175 4484 1621 4572 philosophica
1667 4485 2100 4572 disputatione
2150 4485 2616 4567 offerebantur,
2672 4508 2780 4574 pa·

1269 4560 1357 4649 ,x
