3109 5175
582 366 729 444 304
1411 368 1489 437 Ζ
1528 362 1600 439 4.
1683 361 1871 439 1029
1887 363 1953 436 b.

586 546 834 609 ctiones
878 540 983 606 vel
1027 541 1152 608 alia
1194 541 1261 607 id
1304 561 1526 628 genae,
1571 540 1687 606 sed
1730 543 1932 626 ipsam
1968 559 2100 605 rem
2137 560 2300 624 quae
2336 548 2406 604 et
2439 537 2641 627 qualis
2674 547 2790 616 est,

582 642 684 712 ὅτι
728 647 864 711 ἔστι
906 639 983 711 τὸ
1027 647 1093 710 τί
1136 635 1221 725 ἦν
1265 641 1433 710 εἶναι
1469 649 1822 710 ἕκαστον
1860 637 1900 708 ὃ
1939 645 2195 727 λέγεται
2235 639 2402 707 καθ’
2441 638 2627 708 αὑτό.
2693 642 2791 706 Ita

582 748 836 837 quidem
881 751 948 813 in
994 749 1171 814 libris
1215 748 1508 814 omnibus
1568 756 1634 811 et
1682 749 1932 833 scriptis
1979 768 2144 832 quoe
2187 745 2521 812 Bekkerus
2566 755 2789 810 eontu-

584 851 661 918 lit
706 862 770 918 et
814 851 999 920 editis
1045 851 1394 918 exhibetur.
1481 848 1614 916 Sed
1666 873 1854 936 quum
1902 855 2179 916 ἕκαστον
2224 871 2345 915 nee
2388 851 2788 914 nominativo

534 1017 541 1024 .
580 978 705 1023 nec
759 959 1122 1022 accusativo
1182 977 1332 1020 casu
1388 956 1696 1042 coniungi
1752 957 1960 1042 possit
2015 976 2154 1020 eum
2210 947 2289 1019 τὸ
2345 955 2412 1019 τί
2467 942 2554 1032 ἦν
2604 947 2788 1030 εἶναι,

582 1064 880 1149 quoniam
926 1059 1086 1124 haec
1131 1059 1401 1126 formula
1446 1059 1685 1143 ubique
1723 1069 1834 1123 aut
1871 1056 2105 1136 dativo,
2150 1056 2327 1143 quod
2358 1068 2458 1122 est
2495 1056 2789 1142 frequen-

581 1167 885 1230 tissimum
932 1164 1051 1245 (cf.
1091 1163 1329 1229 Trend.
1367 1165 1534 1228 Mus·
1573 1164 1781 1228 Rhen.
1831 1163 2021 1240 1828,
2065 1163 2127 1225 4.
2171 1182 2238 1246 p.
2270 1162 2400 1225 459
2438 1164 2618 1246 sqq.)
2663 1169 2787 1237 aut,

581 1267 757 1354 quod
792 1289 1001 1332 rarum
1038 1277 1135 1332 est
1177 1267 1297 1347 (cf.
1329 1269 1392 1330 Z
1417 1270 1476 1332 7.
1511 1267 1715 1332 1032»
1738 1269 1841 1346 2),
1884 1267 2173 1353 genitivo
2214 1266 2640 1352 coniungitur,
2683 1261 2789 1327 vel

581 1370 954 1458 ponendum
1012 1380 1111 1434 est
1166 1375 1443 1436 ἕκαστον
1486 1381 1639 1456 post
1680 1372 1962 1455 λέγεται,
2020 1390 2206 1455 quam
2251 1366 2595 1432 lectionem
2642 1364 2788 1432 Ale-
2909 1381 2927 1395 ·

579 1472 886 1539 xandrum
940 1476 1009 1538 in
1059 1482 1236 1538 textu
1278 1494 1398 1539 suo
1443 1472 1740 1540 habuisse
1786 1483 2055 1559 apparet
2096 1494 2160 1558 p.
2191 1473 2339 1550 433,
2387 1473 2490 1536 11.
2537 1471 2641 1536 14.
2686 1472 2786 1547 19,

578 1575 688 1643 vel
741 1598 862 1663 pro
921 1581 1197 1643 ἕκαστον
1249 1575 1652 1642 scribendum
1700 1586 1796 1641 est
1837 1571 2107 1666 ἑκάστῳ.
2198 1576 2285 1639 Et
2325 1574 2490 1638 hanc
2533 1571 2785 1659 quidem

579 1685 1026 1758 coniecturam,
1069 1683 1458 1767 propositam
1503 1683 1574 1744 in
1603 1679 1764 1745 Obs.
1797 1702 1861 1766 p.
1892 1681 1997 1756 95,
2042 1677 2526 1764 praeferendam
2569 1679 2786 1743 censui

437 1800 444 1810 ·
578 1795 847 1871 propter
891 1805 968 1848 ea
1011 1805 1174 1870 quae
1218 1783 1453 1849 deinde
1511 1786 1797 1870 exposita
1841 1782 2108 1870 legimus
2149 1783 2281 1846 ⁶14
2324 1775 2403 1846 τὸ
2446 1782 2558 1846 σοὶ
2602 1775 2786 1858 εἶναι,

577 1889 725 1953 ὂ20.
755 1888 870 1952 26:
916 1889 1034 1952 τοῦ
1074 1888 1140 1950 τί
1183 1875 1268 1968 ἦν
1313 1882 1482 1953 εἶναι
1520 1881 1790 1970 ἑκάστῳ,
1834 1886 1913 1950 ef.
1959 1886 2014 1951 A
2045 1888 2147 1951 17.
2183 1885 2393 1951 10220
2431 1887 2493 1950 9.
2528 1920 2609 1935 -
2656 1884 2787 1948 Iam

578 1988 732 2077 quid
787 1989 1111 2079 significet
1165 1988 1327 2055 iliud
1369 1987 1535 2055 καθ’
1575 1985 1770 2068 αὑτό,
1830 1987 2119 2075 exemplo
2172 1986 2475 2053 illustrat:
2533 1985 2615 2053 οὐ
2657 1984 2785 2072 γάρ

578 2095 719 2159 ἐστί
770 2087 847 2158 τό
906 2095 1016 2158 σοὶ
1073 2088 1242 2159 εἶναι
1295 2094 1463 2175 (hoc
1518 2096 1683 2159 enim
1742 2092 1908 2158 idem
1967 2090 2287 2179 significat
2342 2114 2419 2156 ac
2474 2084 2550 2157 τὸ
2595 2094 2662 2154 τί
2704 2080 2787 2170 ἦν

579 2191 748 2261 εἶναι
789 2198 916 2273 σοί,
962 2196 1040 2260 cf.
1087 2198 1209 2262 An.
1255 2207 1425 2283 post.
1471 2197 1531 2261 11
1578 2198 1639 2262 4.
1685 2198 1802 2261 91ὺ
1844 2198 2062 2261 4-9.
2130 2193 2213 2261 de
2257 2217 2355 2260 an.
2403 2195 2463 2260 11
2511 2197 2571 2259 1.
2617 2194 2788 2258 412⁶

580 2288 765 2365 ll‘-
782 2300 885 2364 13.
944 2297 1248 2364 Trendel.
1286 2297 1330 2364 l.
1369 2298 1409 2362 1.
1453 2322 1514 2385 p.
1549 2302 1722 2381 467)
1764 2291 1843 2363 τὸ
1885 2298 2179 2383 μουσικῷ
2221 2293 2406 2363 εἶναι.
2475 2299 2785 2363 Nimirum

579 2412 651 2467 tu
694 2423 766 2466 es
810 2399 1079 2486 quidem,
1123 2412 1196 2467 ut
1236 2402 1364 2466 hoc
1405 2421 1735 2487 ponamin,
1778 2404 2070 2481 musicus,
2115 2399 2230 2466 sed
2275 2405 2341 2465 in
2380 2422 2467 2467 eo
2502 2400 2679 2487 quod
2717 2421 2785 2466 es

576 2508 852 2570 musicus
910 2524 1044 2569 non
1102 2507 1383 2570 cernitur
1437 2508 1577 2594 ipsa
1623 2516 1730 2570 tua
1775 2508 2079 2583 essentia,
2137 2524 2355 2569 verum
2401 2508 2618 2591 potius
2662 2504 2788 2568 hoe

578 2608 699 2675 tibi
745 2608 993 2674 accidit.
1041 2645 1123 2659 —
1168 2607 1300 2675 Sed
1343 2612 1532 2674 etiam
1578 2612 1838 2675 semotis
1884 2608 2315 2674 accidentibus
2360 2607 2645 2673 nondum
2692 2630 2788 2672 sa-

578 2716 659 2779 tis
704 2710 1036 2777 definitum
1079 2721 1299 2798 potest
1338 2712 1563 2794 videri,
1607 2712 1760 2800 quid
1806 2711 2049 2778 dicatur
2090 2705 2169 2777 τὸ
2211 2734 2341 2790 τηε,
2386 2715 2531 2798 quia
2578 2715 2785 2800 ipsum

576 2814 740 2882 illud
774 2812 940 2879 καθ’
981 2811 1146 2880 αὑτό
1180 2836 1312 2881 non
1349 2816 1571 2882 eadem
1607 2818 1841 2903 ubique
1874 2819 1940 2880 vi
1975 2823 2331 2900 usurpetur,
2366 2816 2449 2880 ef.
2482 2814 2562 2880 ed
2594 2819 2649 2881 A
2682 2818 2784 2883 18.

577 2919 722 2985 Alia
782 2923 947 2985 enim
1003 2921 1255 2984 ratione
1300 2919 1544 2986 Callias
1603 2920 1832 2986 dicitur
1879 2916 2046 3009 καθ’
2087 2912 2253 2984 αὑτό
2300 2940 2439 2983 esse
2483 2921 2589 2984 vel
2637 2918 2786 2986 Cal-

575 3023 694 3089 lias
737 3022 841 3088 vel
886 3023 1080 3087 homo
1124 3022 1232 3088 vel
1277 3022 1536 3101 animal,
1595 3023 1718 3088 alia
1776 3026 2028 3088 ratione
2072 3020 2303 3087 dicitur
2344 3019 2388 3102 ἡ
2433 3019 2787 3113 ἐπιφάνεια

575 3122 742 3191 καθ’
782 3119 947 3189 αὐτὸ
991 3127 1388 3211 κεχρῶσθαι.
1477 3124 1738 3212 Corpus
1797 3130 1961 3191 enim
2018 3125 2296 3191 inficitur
2345 3126 2498 3191 albo
2544 3126 2819 3215 colore,-

577 3220 890 3316 quatenus
938 3238 1206 3293 extrema
1254 3231 1390 3294 eius
1433 3250 1598 3315 pare,
1643 3228 2028 3316 superficieS,
2075 3252 2156 3294 eo
2203 3229 2428 3295 colore
2472 3230 2783 3308 inficitur3

575 3331 944 3419 superficies
1001 3352 1157 3397 vero
1216 3335 1355 3418 ipsa
1406 3353 1526 3418 per
1567 3355 1638 3398 se
1682 3333 1977 3399 inficitur.
2066 3333 2201 3399 Ubi
2244 3344 2454 3401 autem
2499 3333 2582 3398 ad
2628 3334 2784 3399 defl-

574 3434 878 3501 niendum
923 3429 1001 3501 τὸ
1046 3457 1160 3515 τηε
1204 3435 1575 3503 adhibemus
1621 3429 1697 3503 τὸ
1742 3434 1912 3502 καθ’
1951 3431 2146 3516 αὑτό,
2201 3436 2373 3503 illam
2430 3442 2782 3526 cogitamus

573 3543 924 3619 notionem,
970 3561 1093 3625 qua
1137 3536 1305 3604 καθ’
1344 3536 1510 3606 αὑτό
1552 3541 1620 3606 id
1666 3539 1998 3628 signifieat,
2043 3540 2218 3626 quod
2262 3545 2329 3606 in
2374 3545 2512 3630 ipsa
2558 3553 2783 3608 natura

573 3642 839 3709 alieuius
895 3646 989 3709 rei
1045 3641 1151 3708 vel
1195 3646 1452 3730 generis
1496 3647 1679 3709 inest.
1770 3645 2122 3729 Propterea
2169 3643 2349 3710 dicit:
2407 3643 2489 3712 οὐ
2530 3644 2658 3731 γὰρ
2703 3639 2782 3711 τὸ

573 3741 781 3824 οὕτως
833 3744 998 3813 καθ’
1039 3742 1203 3813 αὐτὸ
1264 3750 1417 3827 (int.
1474 3749 1731 3831 λέγεται
1784 3749 1849 3812 τί
1904 3736 1990 3827 ἦν
2032 3744 2238 3828 εἶναι)
2298 3747 2386 3824 ὥς
2428 3745 2782 3837 ἐπιφάνεια

571 3846 800 3917 λευκόν
844 3855 925 3933 (i.
959 3874 1013 3920 e.
1061 3848 1148 3928 ὡς
1191 3848 1234 3930 ἡ
1290 3846 1644 3940 ἐπιφάνεια
1699 3853 1954 3935 λέγεται
1994 3847 2161 3916 καθ’
2203 3846 2412 3932 αὐτὴν
2454 3845 2647 3932 λευκὴ
2692 3846 2783 3917 εἴ·

570 3959 753 4031 ναι),
799 3950 903 4020 ὅτι
945 3953 1061 4021 οὐκ
1106 3958 1243 4023 ἔστι
1285 3946 1364 4019 τὸ
1408 3955 1763 4041 ἐπιφανείᾳ
1807 3949 1977 4020 εἶναι
2018 3950 2098 4019 τὸ
2143 3955 2346 4038 λευκῷ
2390 3952 2582 4033 εἶναι,
2625 3954 2689 4019 h.
2722 3976 2778 4020 e.
2830 4021 2838 4030 ,

570 4055 748 4143 quod
792 4069 1015 4124 natura
1060 4057 1422 4144 superficiei
1466 4076 1602 4121 non
1647 4060 1926 4122 cernitur
1967 4061 2034 4123 in
2066 4078 2164 4139 eo,
2213 4057 2388 4145 quod
2418 4069 2518 4124 est
2543 4058 2778 4124 infecta

572 4158 793 4226 colore
843 4160 1013 4227 albo.
1103 4160 1359 4247 Quodsi
1417 4162 1556 4246 quis
1601 4162 1666 4223 in
1713 4158 2085 4228 definiendo
2131 4164 2379 4245 τῷ.τηε
2425 4164 2781 4252 ἐπιφανείᾳ

569 4262 710 4341 hoe,
756 4264 929 4350 quod
975 4263 1172 4329 modo
1219 4266 1592 4339 notavimu8‚
1636 4265 1855 4328 vitium
1901 4268 1987 4331 ita
2030 4264 2150 4331 sibi
2186 4265 2485 4331 videatur
2521 4267 2780 4345 evitare,

570 4373 641 4430 ut
682 4369 1038 4457 ἐπιφανείᾳ
1091 4371 1159 4433 in
1213 4369 1353 4455 ipsa
1398 4365 1777 4432 definitione
1822 4366 2042 4447 addat,
2096 4367 2299 4434 veluti
2342 4371 2400 4433 si
2444 4366 2642 4433 dicat:
2700 4363 2779 4434 τὸ

566 4472 922 4558 ἐπιφανείᾳ
977 4466 1146 4537 εἷναί
1199 4476 1340 4538 ἐστι
1380 4463 1459 4537 τὸ
1503 4473 1859 4560 ἐπιφανείᾳ
1902 4471 2092 4562 λευκῇ
2137 4466 2332 4552 εἶναι,
2387 4494 2472 4538 ne
2529 4477 2584 4539 is
2642 4474 2780 4561 qui-
