3109 5175
1152 382 1227 450 Z
1274 379 1385 453 10.
1472 380 1659 456 1036
1672 404 1739 454 a.
2400 386 2542 460 337

335 560 439 616 tur
481 553 574 616 rei
618 571 755 616 non
801 561 899 616 est
942 556 1205 619 omnino
1252 554 1544 624 definitio
1590 561 1712 637 ⁶5,
1756 557 1873 624 sed
1917 557 2275 624 adhibenda
2319 571 2418 625 est
2461 562 2544 627 ad

337 657 472 719 eius
519 657 984 741 cognitionem,
1036 655 1252 743 prouti
1295 659 1403 723 vel
1446 660 1811 725 sensibilem
1856 661 2047 727 habet
2086 662 2194 728 vel
2237 664 2541 750 cogitabi-

333 756 457 821 lem
516 759 868 836 materiam,
927 781 1003 824 ea
1048 761 1365 826 sentiendi
1409 762 1817 850 cogitandive
1862 766 2060 843 actio,
2116 787 2237 850 qua
2282 770 2541 836 materia

333 861 753 946 percipiatur3
811 872 1003 948 atque
1059 866 1114 938 si
1169 885 1273 929 res
1331 876 1630 930 concreta
1689 877 1834 932 actu
1879 889 2018 932 esse
2062 867 2170 933 vel
2214 880 2360 935 actu
2403 894 2542 957 per-

335 965 462 1049 cipi
507 963 781 1042 desierit,
827 964 1085 1030 dubium
1135 977 1233 1031 est
1277 979 1480 1033 utrum
1527 972 1610 1033 sit
1650 990 1873 1048 necne,
1917 970 2066 1034 licet
2109 974 2427 1038 etiamtum
2465 995 2541 1040 ex

337 1065 557 1132 eadem
602 1069 871 1133 notione
918 1069 1257 1135 universali
1293 1080 1358 1135 et
1386 1071 1748 1157 appelletur
1781 1083 1845 1138 et
1875 1072 2231 1139 definiatur.
2298 1077 2541 1162 (Quod

331 1168 532 1258 vulgo
565 1171 898 1236 exhibetur
919 1175 1007 1237 ⁴6
1038 1170 1572 1250 ἀπελθόντας
1602 1174 1929 1261 quomodo
1954 1176 2061 1242 vel
2083 1184 2369 1244 construi
2391 1201 2541 1266 pos·

332 1274 414 1337 sit
454 1272 562 1337 vel
603 1274 880 1364 intelligi
917 1297 1054 1341 non
1090 1275 1311 1353 videm
1355 1288 1705 1364 propterea
1749 1281 1972 1365 scripsi
2018 1276 2538 1363 ἀπελθόντα,

331 1385 405 1441 ut
439 1376 600 1442 haec
632 1378 769 1442 fere
807 1381 891 1442 sit
917 1383 1260 1445 sententia:
1306 1376 1471 1447 ὅταν
1516 1378 1573 1445 δ’
1613 1377 1879 1470 ἀπέλθῃ
1920 1375 2007 1447 τά
2043 1378 2295 1449 σύνολα
2328 1387 2541 1450 ταῦτα

330 1482 402 1544 ἐκ
435 1483 552 1561 τῆς
590 1484 997 1566 ἐντελεχείας,
1042 1482 1122 1548 cf.
1165 1486 1269 1549 15.
1310 1486 1520 1550 10400
1551 1486 1625 1549 2:
1670 1477 1888 1564 ἄδηλά
1931 1507 2000 1550 τε
2044 1479 2173 1572 γὰρ
2210 1480 2294 1552 τά
2334 1490 2539 1577 φθει-

331 1578 582 1670 ρόμενα
625 1594 764 1661 τοῖς
807 1587 1026 1670 ἔχουσι
1067 1580 1190 1667 τὴν
1234 1582 1626 1671 ἐπιστήμην,
1672 1581 1840 1652 ὅταν
1882 1591 1953 1652 ἐκ
1996 1589 2114 1669 τῆς
2156 1586 2541 1670 αἰσθήσεως

332 1682 617 1778 ἀπέλθῃ.
706 1688 1003 1755 Bessario
1062 1690 1316 1776 quidem
1373 1689 1543 1756 haud
1603 1692 1739 1754 scio
1797 1712 1880 1754 an
1936 1691 2043 1756 vel
2097 1695 2395 1777 scriptum
2444 1697 2540 1759 in·

330 1792 579 1853 venerit
635 1789 741 1855 vel
799 1789 880 1856 de
938 1796 1305 1858 coniectura
1362 1796 1501 1880 ipse
1561 1791 1814 1857 dederit
1867 1789 2288 1874 ἀπελθόντα,
2344 1819 2540 1883 quum

331 1903 541 1958 vertat
583 1916 767 1958 «cum
808 1916 968 1960 vero
1004 1896 1238 1962 abeant
1273 1896 1353 1961 ab
1391 1907 1551 1975 actu,
1591 1917 1726 1961 non
1756 1907 1853 1961 est
1880 1897 2293 1977 manifestum,
2332 1911 2539 1966 utrum
2638 1919 2646 1926 ·

330 1999 459 2060 sint
504 1996 847 2083 aliquando
893 2021 977 2063 an
1018 2020 1155 2064 non
1199 2002 1430 2081 sint»)
1519 1999 1792 2063 Materia
1835 1997 2129 2092 denique,
2173 2010 2403 2087 utpote
2444 2004 2541 2067 in-

332 2098 624 2178 definita,
681 2123 801 2187 per
855 2123 926 2167 se
984 2106 1289 2191 cognosci
1349 2104 1615 2167 omnino
1661 2104 1882 2187 nequit
1932 2102 2054 2183 (cf.
2100 2103 2293 2189 Phys.
2339 2104 2430 2168 111
2474 2107 2538 2169 6.

329 2204 499 2269 207⁶
534 2205 647 2268 25:
709 2199 812 2269 διὸ
857 2207 970 2270 καὶ
1013 2204 1354 2290 ἄγνωστον
1396 2195 1437 2295 ᾗ
1482 2197 1788 2289 ἄπειρον·
1846 2198 2018 2282 εἶδος
2071 2201 2202 2296 γάρ
2248 2203 2367 2273 οὐκ
2410 2209 2538 2293 ἔχει

331 2302 375 2385 ἡ
418 2302 560 2386 ὕλη.
649 2307 680 2370 Ῑ
726 2309 786 2372 7.
835 2310 999 2373 191a
1044 2312 1113 2375 7:
1159 2307 1201 2390 ἡ
1247 2307 1306 2374 δ’
1344 2306 1732 2391 ὑποκειμένη
1778 2302 1976 2395 φύσις
2019 2304 2330 2390 ἐπιστητὴ
2384 2308 2531 2375 κατ’

332 2406 717 2493 ἀναλογίαν.
793 2410 1007 2477 Ζε11ει·
1040 2413 1152 2478 Ph.
1189 2412 1251 2478 d.
1289 2413 1401 2479 Gr.
1439 2412 1516 2476 11.
1564 2433 1625 2496 p.
1661 2412 1791 2476 419
1829 2415 1993 2497 sq.),
2038 2415 2174 2478 sive
2221 2435 2295 2478 ea
2340 2417 2540 2479 sensi·

330 2511 482 2577 bilis
528 2523 625 2577 est
669 2516 803 2578 sive
848 2516 1211 2604 cogitabilis
1268 2511 1433 2597 (ὕλη
1475 2509 1685 2595 νοητή
1725 2516 1848 2593 ⁶9,
1905 2515 1985 2579 cf.
2033 2519 2136 2581 11.
2187 2518 2396 2582 10:37³
2439 2519 2539 2597 4),

331 2615 532 2703 qualis
580 2627 679 2682 est
722 2639 929 2684 rerum
973 2622 1547 2687 mathematicamm
1594 2621 1883 2697 materia,
1943 2640 2106 2704 quae
2151 2620 2302 2686 licet
2345 2623 2429 2686 sit
2471 2624 2540 2685 in

329 2720 524 2785 rebus
569 2721 1005 2804 sensibilibus,
1059 2736 1269 2790 tamen
1319 2744 1454 2789 non
1501 2732 1766 2787 eatenus
1808 2724 1875 2785 in
1922 2725 1997 2786 iis
2043 2734 2175 2804 est,
2227 2734 2539 2811 quatenus

327 2833 480 2888 sunt
522 2824 873 2905 sensibiles,
919 2827 998 2892 cf.
1031 2830 1119 2894 M
1140 2831 1202 2907 2,
1239 2830 1302 2894 3.
1378 2826 1597 2911 Quare
1645 2847 1833 2911 quum
1879 2828 1973 2889 rei
2018 2837 2358 2892 concretae
2402 2848 2539 2892 non

329 2929 414 2991 sit
441 2931 642 3006 notio,
686 2933 985 2996 materiae
1027 2934 1225 3017 ipsius
1262 2929 1438 2995 nulla
1476 2930 1738 2994 omnino
1776 2930 2083 3015 cognitio,
2122 2929 2238 2994 sed
2269 2934 2540 2996 notione

327 3034 516 3096 unice
573 3032 778 3097 forma
834 3055 911 3098 ac
965 3038 1210 3121 species
1265 3036 1361 3098 rei
1412 3031 1835 3109 describatur,
1892 3042 2158 3118 apparet
2198 3053 2334 3097 non
2380 3032 2537 3098 alias

328 3137 450 3201 nisi
494 3135 738 3201 formae
781 3147 996 3222 partes
1027 3138 1293 3203 adscisci
1325 3157 1519 3223 posse
1550 3136 1632 3200 ad
1669 3135 2101 3201 definiendam
2137 3139 2491 3202 notionem.

461 3241 671 3305 1036a
707 3242 791 3305 12
833 3235 1040 3326 πρὸς
1082 3240 1164 3307 δὲ
1214 3279 1293 3293 -
1340 3243 1427 3306 25
1474 3238 1813 3326 εἴρηται.
1905 3239 2220 3324 Quaestio
2266 3239 2349 3305 de
2393 3249 2536 3305 toto

328 3362 405 3406 ac
446 3343 760 3429 partibus,
821 3344 975 3430 quid
1018 3347 1193 3430 prius
1237 3346 1320 3408 sit
1365 3342 1517 3429 quid
1560 3345 1912 3428 posterius,
1969 3346 2266 3428 quoniam
2323 3341 2537 3407 soluta

329 3455 428 3510 est
469 3467 589 3531 per
634 3446 1136 3524 distinctionem,
1192 3450 1246 3511 si
1288 3449 1427 3532 quis
1472 3449 1773 3510 universe
1817 3448 2281 3532 interrogetur,
2325 3455 2535 3511 utrum

327 3550 631 3637 angulum
690 3564 930 3618 rectum
985 3554 1256 3638 priorem
1316 3570 1456 3613 esse
1513 3557 1774 3613 censeat
1831 3569 1912 3612 an
1958 3550 2093 3613 eius
2139 3556 2379 3633 partes,
2435 3568 2537 3611 ca-

326 3652 603 3719 vendum
652 3666 749 3719 est
791 3676 875 3721 ne
919 3654 1002 3720 de
1045 3677 1117 3719 re
1163 3652 1561 3719 multifariam
1621 3650 1790 3716 dicta
1847 3649 2217 3736 simpliciter
2270 3669 2537 3735 respon-

329 3754 494 3821 deat.
589 3758 840 3824 Etenim
886 3761 1031 3845 quia
1077 3756 1351 3845 angulus
1394 3766 1622 3834 rectus,
1672 3767 1747 3820 ut
1784 3758 1853 3820 in
1895 3757 2023 3819 hoc
2067 3755 2537 3838 acquiescamus

330 3860 651 3947 exemplo,
697 3871 763 3927 et
804 3865 1138 3927 notionem
1184 3881 1259 3924 ac
1301 3859 1711 3925 substantiam
1758 3856 2110 3946 significat,
2153 3866 2218 3920 ει
2260 3855 2537 3944 singula-

326 3982 459 4028 rem
505 3965 822 4053 angulum,
874 3963 1258 4030 materialem
1308 3986 1447 4029 eum
1494 3963 1749 4048 quidem
1796 3970 1863 4026 et
1906 3958 2286 4038 sensibilem,
2329 3958 2536 4046 probe

328 4077 425 4131 est
465 4066 1016 4157 distinguendum3
1062 4066 1379 4134 sensibilis
1416 4070 1581 4132 enim
1622 4065 1909 4153 ang‘ulus,
1954 4066 2017 4130 τὶ
2060 4066 2181 4147 μέν
2220 4066 2375 4143 «19,
2418 4084 2537 4150 po-

326 4172 556 4235 sterior
601 4182 698 4235 est
739 4181 807 4237 et
850 4174 1134 4238 notionis
1180 4181 1246 4236 et
1294 4175 1424 4237 suis
1481 4173 1681 4257 ipsius
1739 4168 2053 4255 partibus;
2109 4166 2535 4233 immaterialis

327 4281 553 4353 autem,
597 4273 803 4360 qualis
846 4285 1059 4339 mente
1104 4278 1489 4361 concipitur,
1531 4276 1821 4339 notionis
1864 4273 2152 4359 partibus
2196 4273 2536 4358 posterior,

326 4376 753 4442 materialibus
798 4378 1085 4464 partibus
1129 4381 1310 4464 prior
1354 4389 1469 4444 est.
1559 4378 1743 4442 Hanc
1783 4379 1978 4464 igitur
2019 4396 2138 4462 per
2183 4373 2535 4437 distinctio·

326 4499 472 4545 nem
517 4481 1038 4567 respondendum
1085 4492 1208 4560 est,
1265 4501 1478 4567 neque
1520 4501 1680 4546 vero
1726 4478 2094 4565 simpliciter
2138 4487 2204 4542 et
2249 4474 2536 4540 indistin-

414 4585 621 4640 Aristot.
647 4588 865 4658 metaph.
891 4589 971 4640 cd.
997 4587 1179 4641 Bonita
1201 4587 1316 4640 Vol.
1341 4587 1403 4638 Π.
2063 4585 2134 4636 22
