3109 5175
1170 353 1238 423 A
1285 349 1404 424 20.
1489 349 1756 425 102211.
2415 349 2559 426 267

362 538 481 605 tur,
524 548 647 593 nec
691 530 1053 592 varietatem
1099 549 1252 593 usus
1294 529 1629 615 perspicue
1676 531 1955 614 exponit.
2028 525 2227 612 Quod
2267 530 2433 592 enim
2469 526 2565 592 di·

362 634 478 696 cit:
524 623 569 710 ἦ
611 625 782 696 κατὰ
824 625 1034 697 τόπον
1075 626 1118 711 ἢ
1163 626 1334 697 κατὰ
1377 627 1658 715 δύναμιν
1702 625 1743 711 ἢ
1785 627 1930 698 κατ’
1970 625 2156 708 εἶδος,
2203 633 2402 716 prima
2434 635 2567 717 qui-

363 733 507 800 dem
553 734 853 800 vocabuli
896 738 993 800 vis
1037 732 1344 812 διάθεσις
1387 728 1559 799 κατὰ
1602 730 1812 801 τόπον
1858 738 2011 799 satis
2056 743 2155 799 est
2196 734 2418 821 plana3
2476 746 2567 800 at-

364 860 488 924 que
532 837 760 918 altera,
802 840 882 930 τῇ
923 833 1094 904 κατὰ
1137 835 1420 923 δύναμιν
1463 839 1795 916 διαθέσει,
1845 838 2098 904 videtur
2139 837 2246 903 vel
2293 838 2569 904 diversa-

363 965 502 1009 rum
545 946 771 1007 virium
817 946 883 1007 in
923 964 1055 1008 uno
1093 964 1367 1030 corpore
1403 945 1879 1008 coniunctamm
1917 945 1971 1007 is
2004 942 2349 1031 significari
2384 942 2568 1021 ordo,

366 1070 442 1113 ex
486 1067 615 1133 quo
661 1047 859 1111 altera
903 1051 1198 1134 superior
1241 1058 1340 1112 est
1383 1046 1579 1112 altera
1627 1046 1916 1125 inferior,
1960 1046 2118 1111 haec
2161 1046 2350 1111 latius
2395 1058 2571 1134 patet

366 1150 474 1215 illa
522 1153 717 1216 artius
763 1154 1235 1238 circumscripta
1282 1164 1408 1229 est,
1467 1162 1533 1215 et
1576 1172 1739 1237 quae
1783 1161 1933 1216 sunt
1974 1150 2229 1228 similia,
2274 1173 2436 1237 quae
2478 1152 2570 1217 fa-

367 1252 488 1319 cile
524 1278 599 1319 ex
631 1255 1035 1320 Aristotelica
1083 1256 1165 1321 de
1211 1260 1416 1322 anima
1464 1254 1750 1320 doctrina
1799 1253 2102 1342 exemplis
2147 1254 2442 1332 illustreS,
2488 1256 2569 1320 ef.

369 1357 545 1424 Alex.
591 1358 672 1423 ad
717 1359 779 1422 h.
823 1358 896 1437 l.,
952 1358 1060 1424 vel
1114 1359 1503 1425 diversarum
1561 1363 1829 1446 partium
1890 1381 1962 1425 ea
2020 1357 2388 1445 dispositiO,
2447 1381 2571 1445 qua

369 1484 601 1549 corpus
659 1462 741 1526 ad
800 1463 1115 1551 agendum
1175 1462 1408 1550 aliquid
1466 1464 1914 1551 patiendumve
1972 1465 2273 1529 idoneum
2328 1462 2431 1540 fit,
2491 1462 2571 1527 cf.

370 1569 474 1634 12.
524 1569 727 1633 1019ὁ
769 1569 837 1632 4:
881 1570 1002 1633 νῦν
1045 1568 1114 1633 δὲ
1160 1569 1286 1652 ἔχει
1327 1563 1479 1634 τινὰ
1523 1565 1834 1634 διάθεσιν
1874 1571 1987 1633 καὶ
2032 1572 2255 1634 αἰτίαν
2297 1569 2411 1632 καὶ
2452 1564 2573 1650 ἁρ-

365 1667 493 1756 χὴν
534 1671 657 1737 τοῦ
698 1666 1001 1754 τοιούτου
1041 1668 1331 1749 πάθους.
1421 1672 1705 1738 Dubium
1746 1693 1905 1738 vero
1953 1683 2077 1752 est,
2123 1669 2311 1759 quale
2355 1669 2576 1736 volue-

370 1781 454 1841 rit
509 1777 762 1840 tertium
821 1776 1189 1853 διαθέσεως
1245 1798 1449 1864 genus
1504 1777 1797 1864 intelligi.
1897 1776 2256 1842 Alexander
2310 1776 2573 1840 formam

371 1902 577 1945 rerum
637 1879 1031 1945 sensibilium
1088 1892 1271 1966 putat
1325 1879 1673 1970 significari
1729 1881 1849 1961 (cf.
1894 1905 1958 1968 p.
1995 1883 2142 1958 382,
2186 1883 2302 1945 25:
2361 1873 2404 1959 ἢ
2454 1872 2578 1958 τὴν

369 1979 538 2049 κατὰ
598 1979 676 2048 τὸ
737 1977 907 2059 εἶδός
960 2006 1030 2048 τε
1090 1985 1205 2048 καὶ
1259 1978 1381 2063 τὴν
1431 1980 1732 2076 μορφήν,
1790 1982 1875 2061 ὡς
1921 1981 2084 2050 ὅταν
2126 1986 2411 2068 λέγωμεν
2454 1975 2579 2061 τὴν

371 2090 489 2154 τοῦ
533 2083 930 2175 ἀνδριάντος
975 2083 1285 2152 διάθεσιν
1331 2082 1372 2167 ἢ
1413 2089 1534 2167 τῆς
1575 2083 1891 2171 εἰκόνος),
1947 2088 2063 2153 sed
2116 2086 2184 2152 id
2243 2092 2298 2152 si
2341 2085 2579 2152 voluis-

372 2203 475 2258 set
516 2193 730 2257 dicere
769 2191 1164 2270 Aristoteles,
1209 2192 1291 2257 ad
1335 2213 1478 2256 voc.
1526 2186 1700 2269 εἶδος
1742 2191 2093 2271 adiecisset,
2139 2195 2390 2277 opinor,
2433 2212 2576 2257 voc.

373 2293 625 2386 μορφή,
673 2306 738 2361 et
780 2301 1012 2362 rectius
1056 2296 1348 2383 profecto
1394 2297 1520 2361 hoc
1562 2318 1767 2384 genus
1811 2319 1950 2362 cum
1984 2300 2194 2385 primo
2226 2297 2581 2361 coniunxis-

373 2412 488 2466 set.
559 2402 788 2487 Aptius
832 2399 1086 2465 videtur
1130 2404 1401 2490 cog-itari
1443 2423 1635 2488 posse
1682 2401 1763 2467 de
1809 2400 2034 2467 ordine
2078 2403 2330 2489 generis
2369 2410 2433 2464 et
2464 2399 2581 2464 dif-

375 2505 780 2571 ferentiarum
810 2507 878 2568 in
909 2504 1308 2570 conficienda
1335 2510 1622 2585 notione,
1655 2505 1733 2571 cf.
1758 2507 1880 2571 An.
1902 2518 2068 2593 post.
2093 2506 2153 2569 11
2187 2507 2289 2570 13.
2313 2508 2439 2571 970
2462 2505 2577 2570 23:

374 2616 465 2688 εἰς
509 2611 578 2676 δὲ
622 2609 700 2676 τὸ
745 2607 1247 2689 κατασκευάζειν
1293 2606 1454 2698 ὅρον
1496 2605 1609 2676 διὰ
1654 2613 1783 2677 τῶν
1827 2611 2204 2698 διαιρέσεων
2245 2610 2443 2695 τριῶν
2484 2609 2583 2675 δεῖ

378 2711 861 2801 στοχάζεσθαι,
915 2714 1037 2778 τοῦ
1079 2714 1310 2797 λαβεῖν
1353 2709 1442 2780 τὰ
1483 2710 2025 2800 κατηγορούμενα
2070 2719 2140 2778 ἐν
2184 2715 2276 2796 τῷ
2319 2715 2385 2778 τί
2428 2717 2582 2791 ἐστι,

375 2819 490 2883 καὶ
544 2818 755 2883 ταῦτα
811 2813 1059 2896 τάξαι
1111 2820 1176 2883 τί
1231 2820 1492 2901 πρῶτον
1547 2812 1593 2899 ἢ
1650 2813 1981 2904 δεύτερον,
2042 2818 2156 2883 καὶ
2212 2813 2316 2883 ὅτι
2370 2817 2583 2882 ταῦτα

375 2917 613 2999 πάντα,
660 2931 725 2986 et
770 2920 850 2985 ad
895 2922 957 2985 Z
988 2922 1092 2987 12.
1135 2922 1343 2988 1038a
1367 2923 1473 2987 32.
1549 2921 1830 2987 Similem
1875 2925 1938 2987 in
1983 2920 2240 2986 modum
2279 2918 2580 2985 Trendel.

379 3025 637 3091 videtur
679 3027 839 3090 haec
881 3025 1074 3090 verba
1117 3024 1504 3092 intellexisse
1527 3028 1689 3091 -Κοι,
1734 3049 1799 3114 p.
1829 3029 1945 3092 96:
1990 3027 2128 3092 und
2165 3048 2351 3090 werm
2397 3035 2584 3089 anter

375 3128 520 3196 κατ’
563 3126 733 3205 εἶδος
776 3129 884 3193 die
935 3129 1261 3215 ordnung
1304 3132 1420 3195 des
1461 3131 1777 3221 Begrtffs
1819 3153 1905 3195 zu
1945 3129 2281 3196 ver-slehen
2323 3132 2433 3211 iet,
2477 3129 2587 3194 die

379 3234 520 3300 n'clz
574 3237 647 3298 iu
705 3233 832 3298 den
890 3231 1302 3300 Merkmalen
1359 3236 1460 3299 als
1517 3239 1743 3301 seiuen
1797 3234 2067 3301 Theu'len
2124 3235 2456 3314 daretem,
2508 3256 2585 3298 oo

379 3341 469 3404 iol
513 3338 811 3404 dadau-cl·
852 3339 976 3403 das
1031 3338 1278 3405 Wesen
1321 3339 1517 3403 selbst
1561 3340 1985 3405 determint'rt.

513 3443 619 3507 De
664 3445 934 3507 notione
979 3442 1385 3508 Aristotelicas
1438 3446 1557 3524 τῆς
1613 3443 1978 3520 διαθέσεως
2035 3453 2330 3508 accurate
2374 3439 2590 3527 dispu-

381 3556 597 3612 tarunt
636 3546 941 3612 Trendel.
987 3546 1070 3613 de
1114 3569 1215 3612 an.
1261 3571 1321 3634 p.
1349 3549 1500 3614 366.
1563 3549 1709 3613 Kat.
1750 3547 1793 3612 l.
1834 3546 1876 3613 l.
1936 3548 2162 3611 Waitz
2189 3547 2353 3633 Org.
2383 3546 2456 3610 8⁶
2479 3545 2585 3610 35.

382 3651 572 3716 Biese
616 3651 664 3715 1.
712 3675 774 3738 p.
806 3653 912 3717 75.

1254 3826 1485 3901 CAP.
1547 3826 1714 3901 XX.

501 3964 588 4034 Ἕ
593 3966 632 4049 ξ
642 3992 716 4047 ις
769 3973 1068 4057 primum,
1125 3981 1197 4035 ut
1249 3990 1488 4035 nomen
1530 3970 1821 4050 verbale,
1878 3974 2079 4057 ipsam
2123 3968 2445 4058 significat
2486 3969 2595 4034 ha-

382 4072 580 4138 bendi
641 4076 985 4152 actionem,
1046 4067 1170 4154 τὴν
1228 4076 1351 4140 τοῦ
1409 4076 1672 4161 ἔχοντος
1727 4076 1838 4139 καὶ
1897 4076 2211 4159 ἐχομένου
2268 4076 2596 4158 ἐνέργειαν

380 4178 681 4243 δ4-11,
773 4178 1034 4244 Deinde
1091 4176 1218 4258 ἕξις
1274 4178 1505 4245 dicitur
1548 4177 1869 4265 quaelibet
1912 4176 2251 4256 διάθεσις,
2305 4174 2471 4269 καθ’
2508 4170 2596 4256 ἣν

383 4270 456 4347 εὖ
496 4276 545 4361 ἢ
585 4285 799 4359 κακῶς
843 4278 1166 4349 διάκειται
1199 4277 1276 4347 τὸ
1312 4282 1720 4367 διακείμενον
1756 4284 2104 4350 blo—12.
2174 4284 2320 4347 Hoc
2352 4285 2408 4346 si
2441 4302 2595 4346 vere

382 4383 643 4451 dixisset
687 4385 1101 4466 Aristoteles,
1161 4383 1287 4465 ἕξις
1342 4406 1477 4451 non
1532 4386 1821 4453 differret
1879 4390 2140 4452 omnino
2190 4408 2228 4450 a
2272 4385 2595 4462 διαθέσει,

385 4491 619 4556 etenim
666 4486 977 4568 διάθεσις
1015 4486 1263 4575 ὑγιεινή
1305 4489 1412 4555 vel
1456 4487 1765 4570 νοσώδης,
1811 4494 2108 4577 quoniam
2156 4500 2253 4557 est
2291 4485 2597 4565 διάθεσις
