3109 5175
1154 367 1229 436 Γ
1267 362 1336 436 4.
1420 364 1609 440 1006
1623 389 1690 439 α.
2385 371 2526 448 189

316 541 487 606 niam
543 560 683 612 non
741 549 838 604 est
893 536 1018 605 alia
1075 543 1444 628 propositio
1499 542 1621 607 hac
1676 540 1893 622 altior,
1950 543 2092 611 fieri
2134 566 2270 613 non
2313 559 2530 635 potest

316 647 473 731 quin
516 642 585 709 id
627 646 832 731 ipsum
875 664 998 730 pro
1038 643 1457 711 fundamento
1497 645 1925 713 concludendi
1966 660 2168 735 ponat
2207 661 2271 716 et
2306 652 2385 718 ab
2421 652 2529 719 ad-

313 749 602 812 versario
662 746 932 813 concedi
987 747 1300 835 postulet,
1356 747 1530 836 quod
1589 749 1669 814 ab
1725 753 1909 817 initio
1968 752 2048 817 ad
2095 751 2528 821 demonstran-

316 849 467 917 dum
515 861 652 916 erat
694 854 1094 939 propositum
1142 855 1527 932 (αἰτεῖσθαι
1571 846 1648 918 τὸ
1694 858 1763 919 ὲν
1808 853 1977 947 ἀρχῇ
2011 860 2163 936 α17,
2206 861 2320 924 int.
2361 881 2527 944 προ·-

312 956 631 1038 κὲίμενον,
677 956 756 1021 cf.
804 955 1107 1022 Trendel.
1156 956 1256 1021 El.
1302 955 1358 1041 ξ.
1390 958 1478 1021 42
1494 962 1539 1036 ).
1633 957 1765 1042 Qui
1810 979 1966 1025 vero
2012 960 2289 1025 refutare
2334 961 2527 1028 alium

315 1062 612 1147 suscipit,
670 1062 918 1125 initium
974 1063 1146 1147 capit
1201 1060 1280 1126 ab
1334 1063 1414 1125 iis
1459 1062 2038 1147 propositionibuS,
2101 1086 2264 1150 quae
2306 1064 2530 1131 adver-

315 1165 521 1229 sarius
577 1162 787 1227 libens
840 1163 1070 1229 volens
1129 1163 1453 1244 concedit,
1514 1174 1581 1230 et
1636 1163 1742 1228 vel
1796 1168 2005 1230 inesse
2050 1169 2115 1231 in
2159 1169 2256 1233 his
2300 1168 2406 1234 vel
2453 1193 2529 1236 ex

314 1267 415 1331 his
461 1269 767 1353 consequi
810 1266 896 1346 id,
941 1268 1114 1354 quod
1152 1279 1288 1333 erat
1325 1266 1906 1347 demonstrandum,
1953 1271 2360 1357 comprobat;
2405 1295 2527 1360 qua

312 1373 383 1435 in
431 1372 983 1459 argumentatione
1029 1374 1085 1436 si
1129 1381 1296 1437 tecte
1340 1371 1410 1436 id
1452 1375 1659 1460 ipsum
1705 1393 1827 1459 pro
1872 1372 2287 1441 fundamento
2328 1380 2527 1464 pouit,

314 1473 494 1561 quod
530 1486 630 1540 est
664 1473 1223 1561 comprobandum,
1267 1497 1401 1542 non
1445 1479 1568 1563 ipsi
1609 1486 1826 1563 potest
1863 1476 2057 1541 obiici
2097 1482 2323 1565 petitio
2361 1484 2530 1566 prin-

317 1581 499 1666 cipii,
543 1579 658 1645 sed
701 1582 920 1666 potius
967 1578 1363 1645 adversarius
1411 1583 1545 1646 eius
1592 1583 1923 1667 petitionis
1966 1584 2258 1667 principii
2304 1594 2533 1649 auctor
2630 1582 2650 1604 ⁶

317 1694 418 1749 est
461 1678 711 1766 (ἄλλου
755 1684 825 1749 δὲ
869 1684 990 1749 τοῦ
1032 1679 1335 1749 τοιούτου
1379 1686 1595 1750 αἰτίου
1639 1678 1831 1761 ὄντος
1866 1704 1902 1740 a
1921 1687 2018 1763 18,
2063 1688 2182 1752 τοῦ
2226 1682 2527 1753 τοιούτου

315 1790 359 1853 i.
391 1809 447 1851 e.
494 1788 615 1852 τοῦ
658 1787 875 1853 δοκεῖν
918 1788 1264 1852 αἰτεῖσθαι
1307 1782 1384 1852 τὸ
1430 1792 1502 1852 ἐν
1545 1784 1743 1879 ἀρχῇ,
1788 1789 1866 1852 cf.
1905 1790 2100 1871 ⁶25).
2189 1792 2400 1877 Atque
2445 1790 2527 1856 ad

316 1889 693 1958 refutandos
748 1890 1128 1956 infitiatores
1185 1894 1484 1977 principii
1543 1891 2073 1958 contradictionis
2118 1894 2276 1959 nihil
2322 1896 2529 1980 requi-

317 2000 480 2062 ritur
534 1994 737 2076 aliud,
793 1999 914 2061 nisi
981 1995 1046 2060 id
1104 1993 1281 2081 quod
1342 1993 1767 2072 adversariae,
1826 2018 2015 2082 quum
2074 1995 2385 2082 disputat,
2445 2019 2525 2063 co

317 2103 465 2187 ipso
524 2099 703 2186 quod
762 2100 1042 2187 disputat
1085 2096 1432 2182 (ὑπομένει
1474 2093 1677 2181 λόγον
1712 2100 1890 2181 026)
1937 2099 2259 2177 concedit,
2319 2121 2389 2165 se
2436 2100 2528 2166 di-

320 2203 530 2271 cendo
578 2202 815 2290 aliquid
853 2202 1237 2292 significare.
1306 2202 1637 2281 (Proxima
1671 2204 1865 2268 verba
1904 2205 2042 2269 ⁶26
2087 2205 2181 2269 ἔτι
2223 2205 2292 2270 δὲ
2325 2242 2408 2253 -
2438 2207 2527 2271 28

319 2304 527 2385 οὕτως
582 2310 716 2395 ἔχοι
768 2311 1016 2374 uncinis
1070 2306 1326 2385 inclusi,
1386 2310 1531 2392 quia
1580 2317 1646 2371 et
1689 2328 1806 2394 per
1848 2310 2283 2374 auctoritatem
2331 2307 2528 2374 libro-

316 2435 456 2478 rum
491 2415 1058 2499 manuscriptorum
1096 2420 1161 2476 et
1193 2421 1460 2497 propter
1492 2432 1713 2477 eorum
1748 2414 2123 2478 sententiam
2158 2416 2371 2500 gravis
2405 2415 2530 2478 ori-

317 2527 424 2584 tur
460 2514 790 2582 dubitatio.
859 2515 1038 2582 Libri
1087 2518 1249 2581 enim
1297 2536 1517 2581 omnes
1565 2519 1863 2582 omittunt
1904 2516 2063 2582 haec
2103 2515 2301 2582 verba
2347 2539 2530 2604 prae-

317 2631 420 2687 ter
451 2620 543 2685 Ab
581 2630 646 2686 et
679 2621 794 2701 1³1»,
841 2643 916 2687 ex
960 2619 1189 2707 quibus
1234 2619 1344 2686 ille
1389 2633 1688 2708 quantam
1735 2625 2015 2708 requirat
2057 2624 2415 2687 cautionem
2457 2624 2528 2689 in

318 2723 771 2791 constituendo
816 2735 990 2791 textu
1035 2724 1162 2790 dixi
1206 2728 1274 2790 in
1319 2724 1473 2792 Vol.
1520 2727 1569 2791 1.
1615 2749 1680 2813 p.
1710 2727 1852 2806 XV,
1910 2727 2097 2792 huius
2153 2736 2363 2791 autem
2420 2747 2528 2792 au-

319 2831 584 2895 ctoritas
627 2839 970 2916 propterea
1017 2827 1209 2894 dubia
1245 2838 1360 2908 est,
1405 2827 1581 2915 quod
1618 2833 1685 2894 in
1715 2832 1860 2915 ipso
1893 2833 2345 2895 commentario
2378 2829 2528 2894 Ale-

315 2933 559 3001 xander
600 2934 759 2997 haec
799 2930 997 2997 verba
1042 2954 1176 2998 non
1221 2932 1476 2997 videtur
1510 2936 1848 3020 respicere,
1892 2932 2044 2997 licet
2077 2954 2197 3020 pro
2233 2933 2525 2999 lemmate

317 3042 548 3126 posita.
622 3035 878 3101 Deinde
925 3040 978 3100 si
1022 3039 1398 3102 sententiam
1444 3037 1787 3103 verborum
1833 3048 2207 3124 spectamuS,
2252 3036 2527 3103 offendi-

317 3164 458 3208 mus
500 3145 568 3206 in
611 3139 827 3205 verbis
872 3134 1034 3205 ὥστε
1079 3138 1198 3207 οὐκ
1243 3178 1325 3194 -
1373 3142 1508 3227 ἔχοι
1549 3144 1714 3207 intra
1759 3163 1994 3228 paucas
2038 3141 2241 3207 lineas
2284 3145 2526 3209 iteratis

318 3247 473 3324 028,
501 3246 618 3321 30;
668 3255 733 3309 et
775 3267 849 3309 ea
896 3265 1060 3330 quae
1106 3245 1494 3311 antecedunt
1535 3247 1630 3311 ἔτι
1672 3246 1743 3311 δὲ
1784 3282 1864 3297 -
1906 3241 2298 3324 ἀποδείξεως
2331 3250 2528 3311 iuter-

317 3359 622 3438 rumpunt
661 3351 894 3437 potius,
941 3370 1125 3434 quam
1170 3349 1478 3414 adiuvant
1516 3352 1970 3414 sententiarum
2013 3370 2272 3428 nexum;
2316 3372 2525 3438 neque

321 3457 488 3521 enim
534 3475 615 3520 eo
661 3458 997 3539 pertinent,
1050 3464 1123 3519 ut
1164 3463 1468 3540 appareat
1512 3450 1840 3539 quomodo
1886 3453 1982 3518 his
2027 3457 2348 3520 concessis
2394 3454 2526 3519 adi-

315 3569 508 3648 gatur
551 3561 857 3645 quispiam
902 3556 983 3622 ad
1030 3556 1514 3623 concedendum
1551 3560 1756 3643 ipsum
1796 3556 2317 3623 contradictionis
2353 3560 2526 3642 prin-

319 3666 572 3750 cipium,
617 3661 731 3727 sed
776 3661 1142 3749 significant
1183 3660 1592 3727 infitiatorem
1639 3683 1783 3726 enm
1826 3663 2151 3747 principii,
2198 3663 2306 3747 qui
2349 3659 2524 3741 illud,

319 3788 391 3833 se
437 3764 711 3833 dicendo
756 3765 1120 3854 significare
1166 3764 1429 3850 aliquid,
1491 3768 1754 3832 omnino
1799 3768 1937 3831 sine
1980 3764 2524 3831 demonstratione

321 3873 742 3948 concesserit,
785 3890 921 3935 non
964 3890 1161 3956 posse
1206 3890 1325 3934 suo
1371 3872 1509 3934 iure
1553 3872 1752 3956 ipsius
1796 3871 2091 3956 principii
2136 3867 2523 3934 demonstra-

321 3978 559 4040 tionem
603 3973 993 4061 postulare.)
1081 3975 1210 4039 lam
1256 3974 1411 4052 hoc,
1468 3974 1642 4060 quod
1687 3996 1806 4061 pro
1854 3993 2163 4038 concesso
2206 3976 2400 4039 sumit
2443 3973 2521 4039 ab

319 4078 707 4160 adversariO,
752 4078 1115 4167 significare
1158 4076 1397 4163 aliquid
1432 4081 1719 4164 cum-qui
1756 4078 2052 4164 disputat,
2096 4076 2389 4144 subtilius
2422 4100 2525 4143 ex-

317 4183 543 4271 plicat,
600 4205 678 4249 ac
730 4187 996 4270 primum
1056 4180 1306 4270 quidem
1352 4180 1511 4248 illud
1557 4183 1849 4261 verbum,
1906 4181 2080 4269 quod
2125 4203 2242 4268 pro
2289 4181 2522 4268 copula

318 4288 587 4354 subiecti
647 4296 711 4353 et
762 4286 1109 4373 praedicati
1163 4289 1440 4374 positum
1485 4289 1684 4374 ipsam
1732 4291 2019 4352 continet
2061 4288 2523 4351 enunciationis

316 4394 461 4470 vim,
505 4388 690 4471 εἶναι,
734 4391 1096 4481 significare
1140 4401 1379 4455 certum
1424 4390 1665 4478 aliquid
1708 4390 1874 4469 dicit,
1929 4411 2056 4476 quo
2103 4389 2525 4475 distinguatur

318 4494 401 4562 ab
447 4499 756 4583 opposito
800 4490 894 4581 μὴ
941 4490 1128 4574 εἶναι,
1171 4496 1524 4577 ass—31,
1569 4490 1674 4561 ὅτι
1716 4496 2021 4578 σημαίνει
2062 4487 2139 4558 τὸ
2185 4485 2400 4576 ὄνομα
2444 4483 2520 4555 τὸ
