3109 5175
1176 399 1258 470 Λ
1306 394 1375 470 8.
1460 394 1728 469 1074α.
2413 396 2558 472 509

355 573 661 657 cuiusque
704 569 999 657 planetae
1043 561 1353 658 sphaerae
1399 570 1481 636 ad
1526 593 1664 637 eam
1710 593 1872 659 quae
1917 575 2118 660 prima
2162 583 2261 638 est
2298 574 2366 637 in
2400 573 2557 639 infe-

354 678 527 751 riore
556 673 809 760 planeta
857 667 1022 756 (τὴν
1062 669 1328 760 πρώτην
1370 684 1671 764 σφαῖραν
1714 673 1819 741 ἀεὶ
1863 677 1981 741 τοῦ
2024 671 2325 743 ὑποκάτω
2368 699 2557 742 τετα-

352 780 593 862 γμένου
638 770 887 863 ἄστρου
927 779 1075 858 ⁰3).
1155 776 1314 843 Inde
1357 778 1653 865 planetae
1701 782 2005 865 cuiusque
2049 790 2257 845 motus
2301 801 2436 845 non
2482 801 2556 845 ex

351 884 428 944 iis
474 890 712 945 tantum
762 879 1076 945 efficietur
1118 881 1419 967 sphaeris,
1466 904 1629 969 quae
1674 880 1756 946 ad
1796 903 1936 947 eum
1979 886 2182 969 ipsum
2219 887 2557 969 pertinent,

351 982 467 1048 sed
512 1005 586 1048 ex
633 982 926 1048 omnibus
972 984 1431 1071 superioribus.
1521 985 1742 1070 Quare
1795 995 1867 1049 ut
1909 990 2109 1072 prima
2153 987 2422 1072 sphaera
2465 991 2557 1051 in-

352 1086 605 1153 ferioris
665 1088 969 1173 cuiusque
1024 1087 1318 1174 planetae
1368 1088 1658 1153 solvatur
1701 1111 1736 1153 a
1781 1102 1959 1154 motu
2004 1090 2410 1176 sphaerarum
2457 1112 2558 1156 su-

353 1192 626 1275 perioris
669 1188 971 1275 planetae
1019 1202 1085 1257 et
1125 1213 1198 1257 re
1241 1213 1394 1256 vera
1439 1195 1639 1278 ipsius
1681 1201 1922 1257 tantum
1979 1192 2279 1278 planetae
2333 1196 2559 1281 sphae-

351 1314 456 1358 ras
513 1291 598 1358 ad
654 1303 895 1358 motum
953 1296 1088 1359 eius
1149 1294 1584 1381 explicandum
1631 1295 1914 1360 adhiberi
1960 1294 2177 1374 liceat,
2234 1309 2559 1386 ponantur

352 1405 455 1461 tot
517 1396 825 1480 sphaerae
884 1396 1319 1477 revolventes,
1382 1408 1541 1485 quot
1602 1397 1882 1464 volvitur
1936 1398 2191 1486 planeta
2248 1405 2558 1488 superior,

353 1508 610 1589 praeter
653 1520 875 1575 unam;
936 1504 1168 1565 etenim
1213 1511 1423 1566 motus
1471 1504 1605 1566 eius
1651 1503 1988 1588 sphaerae,
2043 1525 2161 1590 per
2205 1526 2389 1590 quam
2432 1510 2559 1570 sin-

352 1602 522 1692 gulis
583 1601 811 1668 diebus
868 1604 950 1668 ab
1011 1607 1260 1669 oriente
1319 1602 1718 1669 occidentem
1773 1627 1994 1670 versus
2050 1607 2365 1688 feruntur,
2423 1631 2558 1675 non

295 1735 302 1741 ·
354 1716 453 1773 est
497 1728 609 1771 cur
654 1707 1049 1787 revolvatur,
1106 1706 1416 1794 siquidem
1475 1708 1769 1773 omnibus
1825 1719 1923 1773 est
1965 1709 2238 1796 planetis
2285 1735 2556 1779 commu-

352 1815 471 1876 nis.
561 1812 902 1877 Praeterea
952 1833 1089 1877 non
1134 1832 1299 1898 opus
1346 1822 1441 1877 est
1485 1812 1582 1875 his
1629 1811 2439 1897 sphaeris'revolventibus
2490 1820 2556 1881 in

351 1915 574 1981 infimo
623 1913 863 1994 sidere,
920 1914 1100 1994 luna,
1155 1918 1299 2000 quia
1354 1915 1536 1980 huius
1582 1915 1891 2001 sphaerae
1933 1937 2067 1980 non
2114 1917 2351 1983 habent
2392 1919 2557 1985 infra

351 2041 451 2098 se,
511 2039 772 2105 quarum
831 2027 1072 2082 motum
1119 2017 1926 2103 conturbent¹).1taque
1970 2040 2009 2082 a
2055 2018 2355 2107 Callippo
2403 2043 2559 2107 quo-

352 2120 550 2187 modo
583 2122 691 2187 Ar.
739 2109 996 2186 differat
1039 2143 1112 2185 ex
1157 2122 1276 2186 hac
1318 2131 1536 2208 potest
1571 2119 1787 2187 tabula
1828 2126 2152 2210 cognosci,
2197 2146 2383 2210 quam
2415 2127 2557 2190 Kri·
2643 2170 2653 2184 .

354 2228 504 2292 sche
550 2225 592 2290 l.
629 2224 672 2289 l.
719 2248 781 2312 p.
813 2226 947 2291 298
988 2228 1353 2314 proposuit.

797 2416 1052 2487 Callippus
1087 2417 1260 2469 tribuit
1437 2416 1723 2471 Aristoteles
1758 2417 1896 2469 addit
1926 2421 2230 2474 revolventes

450 2500 731 2671 Isatpmo
966 2503 1008 2669 Ξ
1111 2548 1279 2620 ὀκτώ
1321 2556 1427 2621 ὅθ.
1769 2501 1864 2693 3}
1916 2553 1983 2636 ἕξ
2023 2559 2128 2625 59·

482 2628 590 2672 ov!
1165 2696 1172 2703 .
1770 2609 1813 2673 3

451 2711 696 2877 ᾚέἑξτί
966 2711 1009 2875 ἓ
1431 2874 1447 2894 .
1770 2715 1813 2877 1
2084 2875 2095 2897 ,

449 2916 776 2981 Mercurio
968 2917 1010 2979 5
1109 2874 1300 3042 πὶἔῑῖ
1338 2895 1454 3042 gu?
1499 2871 1588 2938 εἴ·
1773 2918 1814 2980 4
1914 2874 2253 2939 ἐκκαιδεκα
2291 2876 2439 2941 blo.

575 3023 588 3035 .
1428 3025 1443 3040 .
1770 3021 1811 3083 4

450 3019 674 3190 3¹23..
968 3020 1010 3187 Ξ

916 3214 2259 3313 &W

486 3426 614 3489 lam
664 3435 936 3490 extrema
983 3425 1168 3490 huius
1215 3423 1668 3510 disputationis
1714 3431 2175 3492 astronomicae
2208 3427 2402 3493 verba
2432 3449 2556 3492 ma-

353 3532 547 3595 ximas
583 3529 804 3595 turbas
840 3529 1130 3594 fecerunt
1161 3527 1615 3615 interpretibus
1651 3531 1813 3594 1112:
1860 3535 1915 3596 εἰ
1952 3531 2021 3596 δὲ
2054 3531 2135 3622 τῇ
2172 3526 2409 3621 σελήνῃ
2445 3533 2557 3597 καὶ

463 3748 528 3819 1)
573 3759 643 3806 ⁸4
683 3747 821 3805 οὕτω
857 3749 961 3823 γὰρ
995 3746 1167 3821 μόνως
1210 3752 1471 3818 ἐνδέχεται
1516 3750 1613 3821 τὴν
1658 3749 1760 3804 τῶν
1805 3748 2076 3822 πλανητῶν
2121 3751 2296 3824 φορὰν
2340 3748 2560 3809 ἅπαντα

354 3842 664 3901 ποιεῖσθαι,
708 3836 990 3889 subiectum
1027 3836 1276 3888 enunciati
1309 3855 1340 3888 a
1373 3857 1419 3887 v.
1456 3838 1714 3904 adigam
1753 3837 2015 3908 pendentis
2055 3852 2130 3890 est
2163 3836 2405 3901 ἅπαντα,
2448 3837 2481 3889 i.
2510 3856 2556 3888 e.

354 3926 710 3983 συντεθείσας
746 3922 925 3983 πάσας
959 3922 1059 3983 τὰς
1094 3926 1331 3993 σφαίρας
1365 3921 1466 3982 τάς
1500 3943 1559 3975 τε
1599 3921 1865 3995 φερούσας
1901 3927 1992 3977 καὶ
2026 3923 2129 3984 τὰς
2164 3918 2556 3987 ἀνελιττούσας,

355 4010 608 4062 obiectum
641 4029 762 4062 vero
797 4010 894 4078 τὴν
928 4007 1031 4061 τῶν
1067 4005 1336 4076 πλανητῶν
1372 4005 1572 4080 φοράν,
1616 4023 1814 4061 motum
1855 4010 2165 4079 planetarum
2201 4010 2401 4079 qualem
2436 4030 2557 4062 con-

355 4094 613 4164 spicimus,
649 4094 719 4148 τὰ
757 4090 1049 4166 φαινόμενα
1087 4101 1185 4157 ⁶1,
1219 4108 1279 4146 ut
1311 4095 1408 4147 hoc
1444 4097 1533 4146 Ar.
1572 4095 1725 4147 dicat:
1769 4095 1893 4148 haec
1925 4116 2028 4148 una
2061 4110 2137 4148 est
2168 4096 2319 4159 ratio,
2363 4115 2423 4148 ex
2458 4115 2558 4165 qua

355 4198 415 4231 ea
449 4200 577 4249 quae
612 4180 849 4252 ponimus
885 4179 1053 4233 omnia
1086 4195 1285 4233 motum
1317 4182 1631 4255 planetarum
1664 4180 1883 4234 efficiant
1907 4196 1959 4233 et
1986 4183 2247 4253 explicent.
2300 4185 2408 4236 Nec
2436 4200 2557 4252 pos-

358 4285 470 4316 sum
506 4266 677 4318 Schw.
715 4266 934 4319 assentiri
969 4266 1291 4319 enunciattun
1325 4267 1394 4319 sic
1428 4267 1662 4319 vertenti:
1706 4284 1813 4320 nur
1854 4267 2137 4322 bei⁸die⁸er
2170 4268 2449 4322 Annahme
2482 4266 2560 4319 tei

355 4366 409 4403 es
444 4350 707 4420 mogliclt,
750 4350 876 4423 dass
912 4353 1006 4405 der
1047 4352 1286 4426 Umlauf
1309 4353 1402 4406 der
1436 4354 1698 4408 Ptaneeen
1733 4354 1841 4407 alle
1873 4354 2314 4425 Erue-lieinuugen
2346 4352 2557 4406 lanver-

354 4435 558 4506 brt'nge.
628 4436 802 4489 Motus
848 4437 983 4490 euim
1026 4440 1339 4508 planetarum
1381 4438 1486 4509 ipse
1528 4453 1604 4492 est
1634 4439 1757 4492 illud
1792 4439 2136 4511 φαινόμενον,
2178 4440 2232 4491 in
2267 4459 2370 4510 quo
2405 4438 2557 4508 expli-

354 4522 518 4574 cando
554 4540 707 4591 opera
740 4523 959 4591 ponitur.

337 4760 370 4773 ‚-
