3109 5175
584 357 731 450 37⁰
1419 357 1499 426 H
1539 353 1609 428 4.
1695 352 1961 428 ιο44α.

589 535 840 599 Etenim
900 534 992 597 uti
1049 553 1348 601 numerus
1394 552 1469 597 ex
1513 541 1687 597 certa
1733 532 2041 596 unitatum
2086 527 2555 596 individuarum
2599 528 2812 595 multi·

589 636 828 714 tudine,
872 638 959 701 ita
1005 634 1297 701 definitio
1347 656 1422 699 ex
1462 637 1651 699 certis
1690 633 2066 721 quibusdam
2105 637 2291 713 notis,
2338 654 2506 720 quae
2536 632 2811 699 ulterius

587 741 790 806 dividi
820 751 1162 826 nequeunt,
1193 743 1627 827 componitur3
1664 760 1787 803 nec
1814 757 2114 805 numerus
2144 758 2268 801 nec
2299 735 2594 803 definitio
2627 757 2809 802 suam

588 853 802 910 servat
844 846 970 908 vim
1017 865 1092 907 ac
1132 854 1449 922 naturam,
1506 845 1561 908 si
1607 865 1728 928 qua
1774 840 1880 906 vel
1927 844 2133 906 unitas
2180 840 2282 905 vel
2332 850 2487 905 nota
2532 838 2813 905 addatur

590 958 701 1014 aut
745 947 1050 1012 dematur.
1143 948 1228 1012 Et
1281 967 1581 1013 numerus
1641 958 1706 1012 ct
1762 945 2083 1021 definitio,
2138 965 2329 1030 quum
2391 965 2466 1009 ex
2518 941 2811 1029 pluribus

587 1052 879 1140 partibus
923 1060 1194 1129 constet,
1235 1053 1498 1136 requirit
1541 1049 1864 1137 quidpiam
1909 1071 2040 1136 quo
2088 1048 2170 1113 ad
2212 1051 2518 1115 unitatem
2558 1045 2809 1135 rediga-

592 1169 697 1222 tur
752 1157 903 1235 (καὶ
959 1149 1077 1219 τὸν
1132 1147 1438 1237 ἀριθμὸν
1494 1154 1594 1217 δεῖ
1651 1150 1820 1217 εἶναί
1876 1175 1940 1216 τι
1982 1142 2038 1234 ᾦ
2082 1148 2172 1229 εἷς
2214 1152 2336 1230 ⁶3,
2392 1173 2555 1238 quae
2611 1151 2813 1216 verba

592 1259 928 1324 manifesto
973 1267 1273 1342 corrupta
1319 1255 1541 1320 dubito
1589 1265 1798 1321 utrum
1854 1260 2069 1341 posito
2116 1278 2238 1342 pro
2283 1259 2647 1321 accusativo
2692 1247 2815 1319 τὸν

592 1356 897 1449 ἀριθμόν
927 1359 1145 1425 dativo
1175 1362 1269 1443 τῷ
1297 1355 1574 1445 ἀριθμῷ
1606 1357 2001 1424 emendanda
2032 1370 2267 1445 putem,
2298 1359 2557 1425 ef.Obs.
2581 1381 2646 1445 p.
2664 1360 2815 1435 100,

594 1486 675 1529 an
713 1466 928 1549 potius
963 1473 1112 1550 post
1146 1484 1211 1527 τι
1246 1461 1550 1528 excidisse
1588 1462 1824 1548 aliquid
1862 1461 2130 1541 credam,
2174 1463 2374 1528 veluti
2408 1464 2602 1530 ἑνοῦν
2638 1464 2753 1527 καί
2766 1466 2814 1542 ),

594 1565 769 1654 quod
810 1578 880 1631 ut
913 1571 981 1631 in
1015 1576 1288 1652 utroque
1325 1564 1606 1633 eiusdem
1647 1578 1744 1632 est
1779 1570 2044 1632 rationis
2083 1568 2246 1647 (τοῦ
2279 1564 2490 1632 αὐτοῦ
2525 1560 2656 1652 γὰρ
2697 1561 2811 1630 λό·

593 1695 716 1755 yov
756 1673 906 1751 ⁶7),
950 1674 1038 1735 ita
1082 1674 1150 1735 in
1196 1680 1424 1735 neutro
1467 1669 1782 1735 Platonici
1829 1670 2141 1757 explicare
2186 1667 2427 1751 valent,
2470 1671 2552 1734 cf.
2596 1676 2671 1737 A
2707 1672 2812 1734 lo.

598 1775 803 1841 107511
826 1777 944 1850 34;
989 1794 1199 1860 neque
1241 1777 1406 1838 enim
1445 1786 1787 1860 propterea
1825 1779 2070 1841 numeri
2109 1779 2247 1841 sive
2285 1779 2604 1851 notiones,
2649 1793 2816 1859 quae

593 1889 860 1964 utraque
917 1877 1085 1942 idem
1147 1898 1286 1943 esse
1329 1877 1647 1943 Platonici
1705 1890 1962 1966 putant,
2018 1879 2337 1967 simplices
2381 1890 2533 1944 sunt
2576 1887 2643 1944 et
2686 1879 2817 1954 uni,

595 1982 772 2069 quod
821 1985 1030 2047 unitas
1075 1981 1184 2046 illa
1231 2003 1352 2067 pro
1397 1982 1717 2068 principio
1766 1988 1975 2071 posita
2016 2006 2233 2049 eorum
2274 1983 2541 2047 formam
2580 1982 2819 2046 consti-

596 2097 749 2165 tuat,
793 2085 908 2151 sed
954 2086 1304 2151 substantia
1350 2086 1673 2171 quaelibet
1717 2109 1842 2152 una
1889 2101 1986 2152 est
2028 2097 2340 2173 tamquam
2387 2097 2565 2151 actus
2604 2096 2669 2150 et
2706 2107 2819 2149 na-

595 2202 737 2256 tura
775 2213 892 2275 per
928 2211 999 2253 se
1036 2192 1409 2267 consistens,
1450 2212 1571 2276 qua
1609 2189 1693 2255 de
1730 2212 1801 2254 re
1838 2191 2184 2256 disseretur
2220 2213 2358 2276 cap.
2390 2193 2452 2255 6.
2515 2191 2817 2275 Denique

597 2296 717 2361 τοῦ
771 2292 1029 2377 μᾶλλον
1081 2293 1192 2358 καὶ
1234 2283 1438 2372 ἦττον
1483 2314 1606 2357 nec
1650 2293 1953 2360 definitus
2000 2294 2227 2380 aliquis
2272 2314 2571 2360 numerus
2617 2313 2816 2379 capax

525 2476 530 2481 .
600 2407 716 2475 est,
760 2416 882 2461 nec
923 2394 1209 2460 formalis
1246 2395 1618 2475 substantia,
1665 2397 1744 2462 cf.
1776 2396 1923 2464 Cat.
1955 2399 2017 2463 6.
2054 2400 2134 2464 θα
2163 2399 2246 2463 19
2278 2419 2412 2485 sqq.
2465 2400 2526 2464 5.
2563 2398 2638 2462 312
2661 2398 2769 2463 33.

1492 2651 1719 2727 CAP.
1791 2653 1916 2726 IV.

732 2793 819 2876 3)
867 2793 980 2858 De
1023 2797 1321 2874 materia,
1367 2819 1510 2881 cap.
1542 2798 1607 2878 4,
1654 2798 1716 2862 5.

733 2912 887 2977 Non
945 2912 1072 2977 hoc
1115 2914 1251 3001 agit
1297 2914 1678 2980 Aristoteles
1735 2926 1807 2980 ut
1863 2919 2063 3002 ipsam
2122 2918 2422 2981 materiae
2478 2918 2818 2980 notionem

600 3019 702 3080 via
751 3037 826 3079 ac
871 3020 1118 3080 ratione
1171 3028 1478 3103 exponat,
1531 3016 1647 3083 sed
1705 3022 2006 3104 quoniam
2050 3032 2351 3087 naturam
2411 3042 2486 3084 ac
2530 3018 2822 3085 substan-

601 3121 750 3182 tiam
810 3116 1148 3183 cuiuslibet
1199 3124 1294 3183 rei
1351 3124 1418 3185 in
1478 3122 1681 3186 forma
1741 3126 1878 3187 eius
1935 3135 2000 3188 et
2058 3136 2201 3190 actu
2263 3126 2438 3189 cerni
2485 3134 2672 3189 antea
2721 3132 2823 3187 est

599 3219 1131 3300 demonstratum,
1190 3244 1311 3288 nec
1364 3236 1573 3290 tamen
1631 3225 1867 3312 ubique
1922 3226 2029 3291 vel
2071 3238 2290 3315 potest
2330 3226 2437 3292 vel
2483 3226 2679 3291 debet
2720 3246 2819 3290 se-

600 3324 774 3390 cludi
816 3328 1074 3392 materia
1121 3326 1243 3406 (cf.
1276 3328 1348 3391 E
1372 3330 1431 3392 l.
1474 3330 1677 3395 10251»
1707 3330 1853 3411 30),
1898 3332 2021 3395 iam
2068 3331 2376 3418 quaedam
2420 3329 2690 3395 adnotat
2734 3328 2819 3393 de

600 3430 912 3497 materiali
961 3450 1172 3495 rerum
1216 3435 1567 3518 principi0,
1614 3456 1777 3519 quae
1822 3434 2026 3520 probe
2072 3446 2294 3500 tenere
2341 3455 2457 3499 eos
2501 3441 2819 3520 oportent,

599 3536 707 3621 qui
767 3555 976 3600 rerum
1038 3556 1262 3600 causas
1318 3535 1627 3624 indagare
1672 3541 2088 3625 susceperint.
2179 3540 2388 3623 Atque
2434 3559 2514 3603 eo
2561 3535 2817 3624 quidem

598 3636 826 3703 ordine
887 3639 1013 3703 hoc
1056 3639 1235 3717 facit,
1291 3650 1364 3704 ut
1418 3644 1687 3727 primum
1744 3644 2047 3706 materiae
2105 3645 2471 3706 varietatem
2532 3640 2818 3727 explicet,

599 3740 806 3805 104412
838 3744 921 3807 15
943 3743 1146 3822 -32‚
1185 3742 1418 3808 deinde
1451 3742 1738 3822 disserat,
1774 3743 1882 3810 ubi
1920 3743 2000 3809 de
2036 3749 2292 3809 materia
2330 3748 2594 3812 omnino
2627 3765 2820 3830 quae-

597 3842 865 3909 rendum
910 3849 994 3910 sit
1038 3846 1146 3912 ubi
1193 3868 1329 3913 non
1376 3882 1459 3898 —
1500 3850 1561 3911 5.
1605 3850 1808 3913 104415
1846 3850 1950 3927 29,
1996 3847 2273 3935 denique
2318 3849 2645 3935 quomodo
2690 3869 2819 3911 ma·

596 3949 756 4010 teria
800 3947 1113 4015 referatur
1157 3949 1240 4014 ad
1288 3949 1549 4015 formam
1599 3961 1664 4014 et
1705 3955 2142 4037 privationem,
2187 3955 2322 4017 sive
2368 3952 2449 4020 ad
2491 3956 2817 4040 potiorem

596 4056 663 4112 et
708 4048 1094 4117 deteriorem
1143 4053 1424 4131 formam,
1472 4051 1869 4120 demonstret
1914 4093 1996 4107 —
2045 4058 2255 4122 10450
2292 4060 2354 4123 6.

724 4156 808 4233 a)
857 4155 1067 4219 104411
1115 4158 1424 4222 15-32,
1517 4159 1825 4245 Princeps
1869 4163 2127 4224 materia
2174 4163 2380 4225 omnis
2425 4161 2670 4226 formae
2715 4181 2819 4224 ex-

594 4276 740 4342 pers
789 4279 981 4343 quum
1030 4260 1324 4326 omnibus
1370 4265 1451 4327 sit
1495 4261 1689 4328 rebus
1733 4266 2099 4342 communis,
2144 4275 2354 4329 tamen
2392 4267 2695 4350 proxima,
2740 4287 2816 4331 ex

596 4380 721 4445 qua
767 4363 1079 4427 continuo
1126 4383 1230 4427 res
1276 4377 1650 4452 generatur,
1706 4389 1821 4433 sua
1870 4371 2098 4455 cuique
2144 4370 2235 4432 rei
2282 4379 2379 4433 est
2424 4381 2492 4434 et
2535 4367 2815 4454 pemlia-

456 4468 468 4481 ‘
592 4466 705 4542 ris,
767 4466 844 4531 cf.
898 4465 1164 4533 eandem
1211 4470 1451 4556 primae
1496 4482 1565 4537 et
1619 4474 1944 4559 proximae
1995 4474 2296 4537 materiae
2340 4470 2811 4539 distinctionem
