3109 5175
574 299 676 427 so
1432 354 1510 426 A
1559 352 1629 427 5.
1704 351 1933 428 986⁶.

582 526 851 594 Graecis
895 525 1377 614 interpretibus,
1427 526 1511 593 de
1552 529 1684 594 hoc
1723 549 1945 594 errore
1990 528 2351 595 Aristotelis
2394 550 2616 616 parum
2663 529 2793 597 sol·

576 630 799 712 licitis,
855 633 1139 720 proxima
1196 630 1488 697 fecerunt
1543 631 1740 698 verba
1796 633 1911 698 καὶ
1965 627 2053 709 ὡς
2099 627 2298 711 πάθη
2342 656 2413 698 τε
2456 635 2571 698 καὶ
2614 630 2791 712 ἔξεις,

581 756 796 823 neque
840 734 972 801 ulla
1020 757 1095 800 ex
1139 738 1216 800 iis
1256 734 1925 822 interpretationibus„
1951 757 2107 822 quas
2138 734 2501 801 Alexander
2533 734 2615 800 ad
2649 735 2711 800 h.
2743 735 2787 802 l.

574 838 803 917 attulit,
845 839 1039 926 plane
1083 838 1339 904 videtur
1383 838 1645 925 probari
1689 859 1902 927 posse.
1972 839 2201 925 Neque
2247 843 2438 917 enim,
2483 861 2645 926 qnae
2690 850 2790 904 est

572 943 773 1030 ipsius
816 942 1156 1008 Alexandri
1200 946 1532 1020 sententia,
1582 938 1783 1022 πάθη
1829 956 1894 1009 et
1940 940 2098 1021 ἕξεις
2141 946 2470 1008 motricem
2516 965 2787 1022 causam,

572 1040 652 1111 τὸ
692 1042 1034 1126 ποιητικὸν
1074 1044 1289 1113 αἴτιον
1332 1070 1392 1133 p.
1424 1047 1529 1124 31,
1573 1049 1662 1112 20
1706 1046 2071 1134 significare
2116 1058 2413 1133 possunt,
2474 1046 2787 1133 siquidem

573 1159 801 1236 postea
845 1150 1079 1236 ubique
1115 1149 1284 1236 apud
1316 1151 1766 1238 Pythagoreos
1803 1150 1998 1215 modo
2044 1150 2366 1215 materiale
2406 1153 2785 1237 principium

574 1263 637 1317 et
682 1252 907 1318 idealis
952 1257 1247 1340 principii
1307 1254 1579 1320 obscura
1624 1253 1932 1342 quaedam
1977 1255 2248 1342 vestigia
2292 1257 2616 1320 invenisse
2661 1254 2784 1320 sibi

571 1357 829 1423 videtur
857 1357 1266 1433 Aristoteles;
1312 1379 1539 1443 neque,
1588 1358 1652 1422 id
1700 1359 1874 1444 qnod
1917 1357 2126 1424 voluit
2165 1360 2486 1445 Aspasius,
2529 1355 2652 1438 ὕλη
2698 1357 2781 1423 ad

573 1482 916 1539 numerum,
960 1456 1159 1541 πάθη
1203 1459 1282 1524 ad
1318 1483 1452 1547 par,
1489 1458 1649 1541 ἕξεις
1686 1461 1767 1526 ad
1800 1466 2003 1547 impar
2036 1472 2311 1549 possunt
2343 1462 2586 1542 referri,
2630 1484 2788 1548 qno-

572 1568 738 1629 niam
783 1565 945 1630 haec
989 1567 1199 1628 omnia
1243 1568 1482 1651 pariter
1524 1568 1646 1652 ipsi
1694 1586 1958 1656 numero
2003 1565 2400 1646 tribuuntur,
2458 1587 2532 1630 ac
2573 1568 2786 1651 proxi-

569 1671 688 1733 mis
748 1667 995 1734 demum
1048 1669 1261 1733 verbis
1308 1668 1389 1733 ad
1437 1690 1657 1735 eorum
1706 1668 2018 1736 elementa
2064 1672 2383 1735 transitur.
2472 1670 2648 1733 Vera
2693 1671 2788 1733 in-

571 1772 962 1858 terpretandi
1005 1775 1107 1837 via
1154 1772 1406 1838 videtur
1447 1783 1798 1839 monstrata
1838 1794 1978 1837 esse
2016 1773 2229 1839 verbis
2268 1774 2381 1838 καὶ
2416 1762 2599 1837 οὗτοι
2627 1775 2783 1850 «116,

572 1874 803 1961 quibus
835 1877 1280 1965 Pythagoreos
1327 1899 1467 1942 cum
1502 1876 1828 1942 veteribus
1863 1875 2278 1963 philosophis,
2323 1880 2583 1942 maxime
2613 1878 2787 1942 Ioni-

570 1981 677 2058 cis,
721 1984 1074 2066 comparari
1119 1990 1403 2068 apparet.
1468 1981 1720 2046 Etenim
1765 1984 1951 2046 sicuti
1982 1980 2238 2058 Thales,
2282 2001 2403 2045 nec
2435 1979 2634 2045 multo
2673 1979 2787 2044 ali-

568 2092 670 2147 ter
712 2083 958 2169 reliqui,
1002 2107 1193 2171 quum
1239 2107 1462 2170 aquam
1509 2095 1785 2170 poneret
1827 2105 1949 2171 pro
1994 2086 2338 2172 principio,
2387 2105 2462 2148 ex
2508 2086 2643 2149 eius
2689 2084 2784 2148 af-

568 2185 969 2266 fectionibus,
1014 2186 1520 2252 condensatione
1552 2199 1619 2252 et
1648 2191 2114 2267 extenuatione,
2159 2209 2367 2253 rerum
2411 2191 2782 2253 varietatem

564 2293 837 2376 repetiit,
884 2293 944 2356 4.
984 2292 1284 2378 985b11:
1332 2291 1552 2356 eadem
1598 2295 1851 2357 ratione
1881 2292 2328 2380 Pythagoreos
2376 2290 2542 2369 dicit,
2587 2313 2779 2376 quum

566 2412 866 2457 numeros
909 2396 1287 2480 principium
1334 2395 1660 2460 materiale
1705 2418 1847 2461 esse
1891 2406 2263 2471 statuerent,
2310 2416 2383 2459 ex
2431 2415 2649 2459 eorum
2691 2394 2782 2459 af-

568 2496 956 2561 fectionibus
1001 2498 1111 2576 (cf.
1157 2498 1237 2563 ad
1282 2501 1444 2565 985⁶
1475 2501 1593 2580 29)
1639 2510 1704 2564 et
1746 2500 2102 2564 rationibus
2149 2498 2524 2585 explicuisse
2568 2520 2781 2563 rerum

565 2610 872 2681 naturam,
918 2602 1310 2682 affectiones,
1355 2603 1657 2670 habitum.
1730 2604 1837 2669 De
1875 2606 2231 2669 coniunctis
2261 2605 2430 2668 inter
2459 2624 2529 2668 se
2570 2607 2784 2671 notio-

566 2703 754 2769 nibus
798 2701 998 2784 πάθη
1042 2707 1154 2771 καὶ
1200 2703 1359 2784 ἕξεις
1403 2708 1481 2771 cf.
1531 2707 1610 2771 ad
1641 2709 1697 2774 A
1738 2711 1798 2772 6.
1850 2709 2053 2773 1015ὺ
2077 2697 2200 2785 34,”
2228 2720 2293 2772 et
2336 2703 2462 2786 ἕξις
2505 2727 2627 2793 pro
2674 2730 2783 2794 sy-

565 2829 854 2894 nonymo
902 2812 1305 2877 coniunctum
1352 2833 1493 2875 cum
1539 2807 1711 2888 εἶδος
1757 2822 1821 2876 et
1865 2808 2062 2902 φύσις
2104 2834 2163 2874 v.
2208 2813 2297 2876 H
2327 2813 2390 2877 5.
2435 2813 2638 2877 104412
2669 2813 2777 2877 32.

563 2914 641 2978 A
685 2914 746 2977 3.
798 2914 1144 2978 10701112.
1236 2913 1611 2980 Brandisius
1670 2915 1845 3001 quod
1906 2916 2060 2981 dicit
2115 2915 2281 2982 Mus,
2339 2915 2546 2981 Rhen.
2603 2916 2779 2982 1828

563 3038 629 3102 p.
660 3016 819 3081 237:
876 3015 1094 3081 Wenn
1137 3018 1246 3083 dte
1298 3017 1474 3082 zalal
1514 3018 1640 3083 den
1665 3008 1949 3103 Dingen
1994 3019 2275 3105 Prinzip
2317 3022 2460 3084 sein
2506 3020 2635 3084 soll
2676 3019 2779 3083 als

565 3118 773 3207 suff
819 3119 922 3183 als
950 3118 1283 3209 Affection
1326 3122 1464 3186 und
1504 3120 1791 3206 llec‘in’ges
1831 3124 1896 3187 V
1890 3123 2201 3204 erhallen,
2245 3146 2320 3187 co
2355 3122 2613 3192 hezich.
2636 3122 2780 3187 ciel·

564 3222 684 3286 der
739 3232 910 3287 erate
958 3223 1175 3288 dieser
1219 3224 1605 3290 Auedn‘t'clce
1650 3225 1787 3311 auf
1818 3226 1928 3290 die
1957 3226 2494 3315 *Pythagor-icelle
2539 3225 2776 3309 Delu-e,

563 3325 723 3412 defi
767 3324 931 3391 olene
972 3350 1098 3392 von
1141 3328 1262 3392 der
1313 3327 1488 3392 zalal
1529 3328 1837 3414 begu-eust
1881 3352 1965 3393 zu
2004 3330 2286 3410 werden,
2341 3331 2465 3395 das
2518 3330 2778 3396 Uneud-

563 3428 730 3495 lit-Ine
783 3452 868 3494 zu
921 3430 1150 3496 keiner
1193 3431 1671 3498 Beaeet’mmeleeo‘t
1716 3434 1835 3498 det·
1880 3432 2402 3520 Eigensehqsteu
2449 3434 2777 3519 gehuge,-

562 3534 683 3598 ἀει·
739 3537 963 3600 zwet'le
1019 3536 1156 3599 und
1196 3535 1394 3601 drille
1439 3536 1576 3622 aff
1606 3539 1715 3602 die
1761 3536 2229 3621 Bezeielmtmg
2270 3537 2390 3600 der
2432 3537 2777 3602 leidenden

563 3638 700 3703 und
752 3637 1045 3722 mitigem
1102 3639 1626 3725 Ee‘gemclmflen
1684 3641 1803 3704 der
1860 3640 2092 3725 Dirige
2161 3640 2366 3704 datrcle
2423 3639 2777 3706 besondere

569 3743 1270 3826 Znhlbestimmungen,
1317 3763 1463 3806 num
1508 3740 1711 3824 πάθη
1759 3754 1824 3809 et
1867 3740 2026 3823 ἕξεις
2072 3742 2154 3811 ad
2201 3747 2471 3810 actionis
2521 3756 2587 3810 et
2633 3766 2778 3831 pas-

559 3848 758 3910 sionis
805 3843 1142 3910 discrimen
1186 3854 1361 3910 recte
1394 3846 1754 3914 referantur
1789 3854 2182 3935 magnopere
2220 3846 2464 3915 dubito.
2499 3887 2581 3902 —-
2628 3848 2778 3915 Ele-³

557 3958 769 4012 menta
815 3958 1027 4013 autem
1074 3969 1512 4029 numerorum,
1568 3951 1744 4037 quod
1789 3951 1984 4016 modo
2030 3973 2151 4038 par
2195 3962 2259 4016 et
2303 3955 2531 4039 impar,
2576 3952 2777 4018 modo

557 4049 875 4115 infinitum
921 4061 985 4116 et
1028 4050 1274 4117 finitum
1312 4074 1464 4118 -esse
1511 4053 1805 4121 dixerunt
1847 4055 1969 4135 (cl.
2001 4055 2195 4142 Phys.
2226 4055 2318 4120 111
2364 4060 2426 4121 4.
2472 4057 2639 4120 203a
2672 4058 2774 4120 10.

557 4153 833 4219 Brandis
864 4157 911 4220 Ι.
949 4178 1013 4241 p.
1046 4157 1420 4222 449—454
1436 4165 1481 4236 ),
1517 4157 1689 4222 illam
1722 4159 1976 4245 quidem
2008 4159 2448 4225 definitionem
2477 4162 2776 4245 priorem,

557 4258 724 4322 hanc
776 4258 928 4324 inde
980 4264 1310 4346 repetitam
1366 4281 1536 4341 esse,
1593 4285 1666 4327 ex
1718 4266 2012 4330 universa
2068 4263 2399 4330 doctrinae
2444 4263 2777 4351 Pythago-

558 4366 726 4427 ricae
767 4362 988 4428 indole
1024 4385 1178 4429 vere
1206 4363 1462 4430 videtur
1491 4364 1830 4455 collegisse
1860 4367 2078 4432 Zeller
2108 4371 2155 4435 Ι.
2191 4392 2253 4455 p.
2291 4371 2415 4434 105
2444 4389 2577 4452 sqq.
2657 4368 2773 4431 His

558 4464 814 4532 duobus
860 4467 1189 4535 elementis
1234 4461 1310 4535 τὸ
1355 4473 1424 4536 ἕν
1462 4471 1599 4536 019
1645 4469 1962 4553 definitur,
2008 4472 2089 4549 cf.
2131 4471 2406 4538 Brandis
2449 4470 2680 4537 Gesch.
2720 4471 2804 4538 1.-
