3109 5175
1159 386 1234 454 Z
1282 381 1393 455 14.
1477 382 1743 457 10:390.
2407 385 2552 460 349

345 569 693 636 meremus,
739 577 1002 622 necesse
1048 569 1242 637 esset,
1298 581 1371 624 ex
1416 558 1705 645 pluribus
1749 559 2147 640 substantiis,
2202 543 2362 648 quae
2408 572 2551 629 actu

343 663 487 738 sint,
531 681 718 725 unam
763 659 905 724 fieri
949 661 1378 727 substantiam.
1470 663 1555 726 At
1598 662 1666 726 id
1709 661 1855 728 fieri
1896 667 2144 751 nequit,
2184 662 2229 743 ἡ
2270 660 2401 751 γὰρ
2446 671 2551 731 ὲν-

343 762 627 846 τελέχεια
666 763 925 849 χωρίζει
962 767 1073 842 ⁶7,
1126 768 1167 828 i.
1201 786 1255 828 e.
1297 762 1341 844 ἡ
1387 767 1739 848 ἐντελέχεια
1796 769 1883 830 ita
1944 777 2040 831 est
2096 766 2359 832 definita
2404 778 2468 832 et
2513 791 2549 831 a

343 865 602 951 reliquis
649 865 970 945 distincta,
1013 876 1087 930 ut
1129 886 1290 944 non,
1337 889 1500 953 quae
1543 879 1644 932 est
1688 865 2023 952 δυνάμεως
2068 879 2318 948 natura,
2363 869 2549 935 aliam

342 970 610 1053 insuper
662 969 768 1033 vel
825 969 1267 1035 definitionem
1316 970 1422 1035 vel
1469 974 2001 1058 compositionem
2044 977 2109 1038 in
2155 996 2225 1038 se
2271 977 2550 1060 recipiat,

344 1073 425 1135 cf.
465 1071 767 1137 Trendel.
814 1072 896 1137 de
940 1094 1040 1138 an.
1082 1095 1144 1157 p.
1174 1074 1326 1137 302.
1405 1073 1502 1138 Ad
1548 1074 2043 1140 confirmandam
2089 1076 2252 1141 banc
2297 1088 2549 1141 senten-

343 1178 493 1239 tiam
537 1176 892 1240 Democriti
936 1174 1238 1261 placitum
1284 1174 1571 1255 adhibet,
1628 1198 1999 1263 quamquam
2045 1182 2126 1257 is,
2183 1179 2357 1265 quod
2414 1199 2549 1244 non

340 1276 483 1342 fieri
529 1298 717 1343 unam
763 1278 1177 1344 substantiam
1224 1301 1301 1345 ex
1346 1279 1592 1345 duabus
1639 1279 1792 1344 dixit
1837 1281 1957 1360 (cf.
2005 1281 2086 1346 de
2132 1281 2321 1346 coelo
2356 1283 2447 1347 111
2484 1285 2546 1348 4.

342 1382 512 1446 303⁶
548 1384 610 1446 6.
668 1381 752 1446 de
797 1403 945 1469 gen.
993 1383 1023 1446 1
1066 1383 1128 1448 8.
1172 1384 1343 1449 3250
1380 1385 1533 1466 35),
1581 1383 1765 1449 aliam
1813 1388 2117 1474 cogitavit
2158 1384 2548 1450 substantiae

342 1495 648 1564 naturam,
692 1488 981 1552 nimirum
1028 1484 1354 1551 individua
1398 1487 1803 1572 corpuscula,
1847 1482 1933 1552 τὰ
1976 1481 2215 1570 ἄτομα,
2260 1486 2550 1552 substan-

342 1589 463 1652 tias
510 1587 874 1672 appellavit,
920 1589 1001 1653 cf.
1049 1587 1332 1654 Mullach
1370 1590 1669 1656 Democr.
1715 1614 1779 1676 p.
1810 1591 1962 1655 387.
2003 1626 2082 1640 -
2125 1593 2218 1655 ⁶6
2259 1587 2550 1675 ἡμίσεων

342 1686 616 1774 δυνάμει
657 1714 747 1775 γε.
824 1691 1070 1757 Eodem
1115 1693 1233 1772 τῆς
1276 1689 1580 1777 ἡμισείας
1625 1693 1914 1778 exemplo
1960 1696 2159 1758 utitur
2196 1693 2304 1757 Ar.
2351 1693 2432 1758 ad
2476 1692 2548 1757 il-

341 1792 735 1859 lustrandum
780 1789 858 1859 τὸ
903 1791 1175 1879 δυνάμει
1218 1789 1298 1859 ὅν
1349 1794 1408 1860 Θ
1448 1799 1512 1861 6.
1560 1797 1769 1861 10484
1805 1798 1912 1862 33.

476 1898 687 1962 1039a
724 1899 808 1962 14
853 1900 1017 1982 ἔχει
1065 1934 1145 1949 -
1191 1899 1279 1963 23
1322 1900 1657 1982 μᾶλλον.
1749 1901 1865 1963 His
1915 1900 2270 1965 rationibus
2314 1901 2547 1964 invitus

346 2021 426 2065 eo
465 1998 742 2087 adigitur
771 2001 1146 2066 Aristoteles
1190 2011 1263 2066 ut
1305 2001 1717 2066 substantiam
1761 2000 2108 2087 simplicem
2154 2022 2294 2066 esse
2338 2023 2547 2088 neque

341 2102 490 2167 ullis
563 2124 638 2168 ex
705 2103 988 2189 partibus
1062 2106 1476 2189 compositam
1546 2104 1844 2170 confiteri
1908 2103 2171 2182 debeat,
2237 2103 2547 2191 siquidem

342 2226 549 2291 neque
596 2228 669 2271 ex
716 2207 1099 2284 substantiis»,
1146 2206 1355 2272 10390
1391 2209 1663 2286 2-13,
1708 2228 1918 2294 neque
1965 2230 2040 2273 ex
2085 2206 2546 2288 affectionibm,

344 2311 549 2375 10:381>
584 2310 674 2374 30
713 2332 864 2396 sqq„
906 2320 1124 2396 potest
1167 2331 1310 2375 esse
1351 2314 1723 2396 composita.
1803 2309 2005 2395 Quod
2048 2314 2101 2374 si
2144 2313 2233 2374 ita
2278 2321 2391 2389 est,
2437 2310 2547 2376 de·

341 2412 512 2477 finiri
556 2412 909 2478 substantia
953 2434 1087 2477 non
1129 2422 1373 2498 potest3
1419 2413 1714 2479 definitio
1757 2418 1922 2479 enim
1960 2422 2210 2478 constat
2245 2435 2320 2479 ex
2356 2417 2550 2500 parti-

341 2516 483 2594 bus,
530 2527 596 2581 et
624 2515 1075 2581 adsciscendae
1106 2516 1358 2603 quidem
1395 2519 1464 2581 in
1500 2516 1942 2582 definitionem
1979 2538 2095 2582 eae
2131 2527 2278 2582 sunt
2315 2527 2546 2602 partes,

343 2642 509 2706 quae
552 2623 751 2706 ipsius
796 2630 947 2686 sunt
988 2620 1230 2686 formae
1275 2643 1352 2685 ac
1394 2621 1786 2687 substantiae
1828 2632 2068 2707 partes,
2114 2643 2252 2706 cap.
2292 2622 2394 2699 10,
2441 2622 2543 2686 11.

343 2724 536 2809 Atqui
594 2724 1004 2789 substantiam
1050 2723 1154 2788 vel
1199 2723 1400 2788 solam
1449 2724 1550 2788 vel
1594 2730 1987 2809 potissimum
2039 2722 2291 2788 definiri
2334 2745 2546 2810 posse,

342 2841 528 2892 antea
562 2837 660 2891 est
690 2830 1057 2913 expositum,
1086 2827 1331 2910 ἐλέχθη
1359 2822 1571 2891 πάλαι
1592 2829 1740 2905 α19,
1774 2827 1851 2890 cf.
1876 2849 2012 2913 cap.
2031 2831 2091 2892 4.
2116 2830 2178 2893 5.
2206 2829 2415 2893 1031α
2441 2829 2544 2893 11.

341 2932 498 2995 Eam
543 2933 1026 3019 repugnantiam
1073 2941 1298 3015 postea
1340 2951 1410 2994 se
1448 2930 1802 2996 soluturum
1841 2933 2167 3016 promittit.
2241 2932 2339 2995 Ac
2371 2931 2546 2996 vide-

341 3044 448 3099 tur
476 3033 730 3119 quidem
761 3036 1049 3120 proximo
1081 3032 1267 3111 libro,
1296 3035 1385 3098 H
1403 3035 1462 3111 6,
1497 3033 1578 3098 ad
1612 3055 1749 3098 eam
1781 3032 2010 3111 redire,
2038 3033 2153 3098 sed
2184 3032 2376 3120 plane
2409 3056 2545 3099 eam

339 3136 473 3202 illic
515 3137 785 3202 solvisse
829 3158 964 3202 non
1009 3146 1226 3223 potest
1268 3140 1493 3222 putari.

1192 3396 1252 3470 C
1265 3396 1330 3469 A
1344 3396 1421 3471 P.
1485 3396 1690 3471 XIV.

479 3541 673 3619 Quae
713 3539 1043 3628 hucusque
1084 3539 1419 3624 disputata
1470 3550 1656 3621 sunt,
1714 3539 1809 3604 ud
1856 3539 2277 3626 refutandam
2318 3540 2547 3605 Plato-

339 3648 558 3713 nicum
602 3644 685 3709 de
725 3645 896 3710 ideis
939 3644 1308 3710 doctrinam
1345 3652 1823 3713 convertuntur.

472 3763 660 3848 Quae
706 3775 889 3827 antea
939 3767 1259 3847 exposuit,
1318 3762 1757 3832 definitionem
1816 3763 2117 3847 componi
2176 3783 2251 3825 ex
2306 3781 2546 3848 genere

343 3876 412 3931 et
453 3866 815 3932 differentia
863 3888 998 3951 cap.
1040 3867 1155 3943 12,
1199 3866 1562 3932 universale
1607 3886 1740 3931 non
1786 3886 1927 3930 esse
1971 3864 2380 3929 substantiam
2425 3885 2547 3928 nec

342 3973 641 4056 componi
686 3969 1097 4034 substantiam
1145 3991 1219 4034 ex
1264 3971 1629 4037 substantiis
1675 3992 1809 4055 cap.
1844 3973 1958 4048 13,
2007 3991 2098 4046 ea,
2145 3980 2215 4034 ut
2258 3969 2547 4054 proxime

339 4078 666 4161 pertinent
720 4072 803 4137 ad
859 4072 1257 4137 iudicandam
1305 4074 1591 4140 Platonis
1648 4073 2001 4138 doctrinam
2048 4071 2131 4137 de
2175 4072 2362 4151 ideis,
2422 4074 2546 4135 iam

341 4177 422 4242 ad
465 4200 601 4242 eam
640 4176 1055 4241 refellendam
1086 4178 1464 4244 Aristoteles
1502 4180 1836 4256 convertit,
1882 4180 1969 4241 ita
2008 4187 2235 4255 tamen,
2282 4186 2350 4240 ut
2382 4175 2549 4238 hanc

343 4281 693 4346 doctrinam
742 4290 1005 4345 eatenus
1050 4291 1294 4345 tantum
1341 4286 1626 4361 excutiat,
1673 4292 1981 4368 quatenus
2027 4303 2104 4346 ex
2145 4280 2272 4345 illis
2311 4298 2549 4364 propo-

339 4386 682 4450 sitionibus
727 4383 935 4449 refelli
978 4394 1215 4470 potest.
1305 4385 1448 4448 Hoc
1502 4390 1571 4450 in
1629 4389 1771 4479 ipso
1830 4384 2233 4449 refutationis
2280 4380 2544 4446 exordio

337 4488 678 4577 significat,
723 4510 913 4574 quum
959 4486 1137 4552 dicit:
1183 4499 1525 4573 propterea
1572 4488 1853 4554 idearum
1897 4497 2207 4572 patronos
2235 4488 2302 4551 in
2334 4485 2548 4549 absur-
