3109 5175
523 379 573 456 8

525 550 839 636 λικαύτην
883 557 1363 641 πραγματείαν.
1451 561 1529 623 ἐν
1564 557 1658 640 τῷ
1701 546 1823 622 οὖν
1862 558 2041 643 μέσῳ
2076 551 2295 643 χρόνῳ
2339 551 2727 639 ἐτελεύτησε,

524 661 638 725 καὶ
681 654 1155 748 διεφθάρησάν
1198 682 1347 727 τινα
1388 660 1511 726 τοῦ
1550 661 1847 746 βιβλίου·
1889 654 1985 747 μὴ
2020 662 2385 745 τολμῶντες
2416 662 2487 726 δὲ
2519 682 2728 746 προσ-

522 765 756 829 θεῖναι
808 760 1082 829 οἴκοθεν
1139 766 1202 829 οἱ
1257 768 1792 850 μεταγενέστεροι
1844 758 1956 829 διὰ
2012 757 2091 830 τὸ
2147 758 2318 830 πολὺ
2369 758 2546 830 πάνυ
2594 765 2727 830 λεί-

521 868 779 932 πεσθαι
832 865 953 945 τῆς
1006 866 1128 932 τοῦ
1169 865 1414 953 ἀνδρὸς
1456 870 1748 946 ἐννοίας,
1803 864 2177 952 μετήγαγον
2219 873 2291 932 ἐκ
2333 868 2464 934 τῶν
2507 863 2728 933 ἄλλων

524 966 730 1036 αὐτοῦ
770 972 1232 1056 πραγματειῶν
1274 966 1363 1036 τὰ
1406 972 1749 1050 λείποντα,
1801 968 2213 1058 ἁρμόσαντες
2270 968 2357 1048 ὡς
2398 961 2484 1051 ἦν
2527 971 2727 1036 dwa-

522 1068 660 1138 τόν.
748 1073 834 1138 Et
876 1072 1211 1159 Asclepius
1264 1074 1516 1161 quidem
1568 1077 1708 1161 ipse
1752 1074 1905 1140 licet
1947 1074 2286 1141 admodum
2334 1076 2601 1162 exiguae
2643 1075 2729 1138 sit

523 1178 912 1242 auctoritatis
941 1178 1034 1257 ¹),
1092 1177 1252 1242 haec
1306 1189 1518 1243 tamen
1577 1199 1712 1244 non
1768 1201 1842 1244 ex
1898 1199 2019 1243 suo
2063 1179 2328 1266 ingenio
2373 1175 2726 1255 tradidisse,

520 1278 635 1344 sed
679 1278 761 1344 ab
805 1280 1268 1366 antiquioribus
1311 1280 1796 1368 interpretibuS,
1847 1303 2114 1367 quorum
2159 1281 2294 1345 fere
2340 1278 2578 1365 ubique
2620 1301 2727 1344 ve-

521 1383 710 1470 stig-ia
752 1380 934 1471 leg-it,
989 1382 1247 1449 videtur
1288 1388 1628 1471 accepisse.
1717 1384 2060 1473 vulgatam
2108 1386 2272 1448 enim
2320 1384 2486 1447 hanc
2527 1383 2728 1449 fuisse

521 1488 949 1551 narrationem
993 1486 1097 1551 vel
1144 1508 1220 1552 ex
1265 1508 1346 1553 eo
1391 1491 1844 1556 commentario
1891 1509 2278 1576 cognoscas,
2329 1490 2436 1574 qui
2484 1485 2564 1551 ad
2607 1507 2727 1572 po-

521 1592 852 1655 steriorem
885 1590 1473 1677 Metaphysicormn
1517 1604 1757 1680 partem
1792 1593 2062 1678 scriptus
2095 1589 2437 1656 Alexandri
2467 1592 2727 1654 nomine

520 1692 736 1770 fertur,
781 1697 917 1758 sive
958 1697 1159 1780 ipsius
1205 1706 1303 1761 est
1332 1696 1674 1762 Alexandri
1717 1698 1851 1760 sive
1897 1716 1973 1759 ex
2020 1697 2155 1760 eius
2196 1696 2729 1780 interpretatione

521 1806 867 1882 excerptus,
898 1819 963 1883 p.
988 1799 1135 1878 483,
1168 1801 1281 1863 19:
1326 1802 1443 1865 καὶ
1484 1798 1672 1884 οἶμαι
1712 1800 1825 1864 καὶ
1864 1801 2074 1863 ταῦτα
2117 1801 2384 1873 ἐκείνοις
2413 1798 2540 1861 ἔδει
2569 1816 2730 1861 συν-

517 1896 906 1980 τάττεσθαι,
944 1902 1059 1965 καὶ
1100 1899 1256 1979 ἴσως
1295 1896 1426 1968 ὑπὸ
1468 1904 1591 1986 μὲν
1625 1901 2108 1987 Ἀριστοτέλους
2151 1907 2573 1968 συντέτακται
2616 1904 2728 1979 (ἐν

519 1998 794 2086 οὐδεμιᾷ
834 2000 966 2092 γὰρ
1008 2006 1142 2070 τῶν
1185 2000 1403 2070 ἄλλων
1445 2001 1653 2071 αὑτοῦ
1691 2007 2156 2089 πραγματειῶν
2191 2003 2556 2090 εὑρίσκεται
2587 2024 2726 2067 τοι·

519 2101 718 2170 οῢτόν
758 2129 826 2170 τι
865 2103 1231 2187 πεποιηκώς
1274 2105 1477 2173 ὁποῖα
1521 2109 1826 2175 ἐνταῦθα
1870 2109 2250 2196 φαίνεται),
2305 2102 2433 2174 ὑπὸ
2493 2108 2564 2173 δὲ
2605 2106 2728 2171 τοῦ

517 2204 836 2291 Εὐδήμου
875 2207 1272 2298 ξεχώρισται.
2439 2261 2446 2270 ·

645 2311 751 2375 De
781 2312 1191 2378 Aristotelica
1233 2316 1430 2402 igitur
1468 2314 2061 2401 Metaphysieorum
2105 2313 2371 2400 origine,
2418 2316 2474 2378 si
2515 2315 2726 2398 sequi-

516 2435 657 2478 mur
713 2416 1127 2502 interpretum
1191 2417 1585 2484 Graecorum
1646 2419 2118 2493 auctoritatem,
2186 2436 2318 2479 non
2386 2427 2486 2483 est
2549 2413 2728 2502 quod

516 2520 582 2582 in
642 2521 998 2583 universum
1058 2519 1451 2599 dubitemu33
1508 2525 1798 2587 nimirum
1857 2524 2091 2608 scripta
2151 2539 2225 2582 ea
2271 2541 2416 2583 esse
2458 2517 2538 2583 ab
2581 2519 2726 2587 Ari·
2795 2588 2802 2595 ,

516 2621 751 2687 stotele
795 2636 861 2688 et
900 2624 1126 2690 tradita
1162 2623 1474 2712 discipulo
1505 2625 1795 2691 Eudemo
1829 2625 2063 2692 diserte
2092 2624 2404 2712 produnt3
2449 2621 2566 2689 sed
2608 2643 2728 2708 po·-

516 2728 641 2791 tius
684 2748 817 2790 non
864 2749 983 2792 suo
1030 2728 1259 2793 ordine
1302 2727 1593 2817 singulos
1634 2728 1834 2795 libros
1882 2729 2229 2816 dispositos
2275 2748 2431 2803 esse,
2476 2724 2726 2790 deside-

516 2833 644 2895 rari
696 2830 817 2895 alia
864 2841 935 2896 ut
991 2851 1154 2917 opus
1198 2831 1456 2919 plenum
1502 2836 1586 2897 sit
1628 2844 1694 2899 et
1738 2832 2129 2911 absolutum,
2188 2830 2306 2895 alia
2360 2832 2726 2914 importune

515 2935 757 2999 intrusa
804 2955 945 3000 esse
993 2935 1509 3021 exspectabimus.
1604 2938 1688 3001 Et
1734 2937 1814 3003 ad
1861 2935 2126 3000 eandem
2171 2932 2425 3020 quidem
2470 2944 2722 2997 senten-

515 3040 662 3101 tiam
723 3037 1061 3104 deducitur
1114 3042 1169 3102 si
1213 3043 1353 3125 quis
1396 3038 1690 3128 neglecta
1737 3039 1846 3104 illa
1892 3043 2312 3125 interpretum
2357 3038 2724 3100 narratione

515 3140 597 3205 ad
654 3145 850 3227 ipsam
910 3142 1219 3208 librorum
1271 3141 1556 3207 indolem
1604 3143 1975 3231 diligentius
2017 3141 2382 3207 attenderit.
2471 3140 2724 3203 Etenim

514 3247 568 3307 si
614 3249 937 3331 exceperis
982 3245 1209 3311 librum
1256 3270 1327 3324 α,
1386 3246 1469 3311 de
1514 3268 1648 3332 quo
1689 3249 1832 3312 iure
1874 3244 2149 3311 dubitari
2194 3253 2440 3329 potest,
2498 3251 2565 3307 et
2608 3261 2726 3333 po-

513 3351 845 3412 steriorem
890 3348 1032 3413 libri
1078 3351 1149 3416 K
1190 3360 1434 3436 partem
1481 3351 1633 3417 inde
1678 3373 1715 3413 a
1758 3373 1823 3436 p.
1859 3352 2068 3416 1065a
2097 3350 2217 3425 26,
2274 3345 2611 3410 manifesto
2658 3353 2725 3409 et

510 3450 578 3516 id
638 3450 890 3536 quidem
948 3457 1100 3518 satis
1145 3453 1555 3543 negligenter
1600 3476 1674 3519 ex
1721 3455 2007 3540 Physicis
2053 3463 2435 3537 excerptam,
2494 3448 2724 3535 reliqui

512 3554 764 3640 quidem
810 3554 959 3620 libri
1004 3578 1226 3624 omnes
1272 3580 1407 3623 nun
1450 3557 1647 3624 modo
1694 3557 2048 3627 doctrinam
2082 3553 2564 3631 Aristotelicam,
2607 3551 2722 3617 sed

513 3661 697 3723 etiam
734 3659 1055 3725 scribendi
1088 3683 1289 3751 genus
1324 3673 1450 3726 tam
1488 3671 1707 3747 aperte
1747 3660 2048 3737 referunt,
2093 3673 2165 3724 ut
2206 3661 2563 3745 quicunque
2606 3679 2724 3722 no-

509 3766 676 3827 verit
713 3764 1138 3842 Aristotelem,
1183 3769 1319 3831 eius
1363 3787 1613 3831 manum
1659 3785 1791 3829 non
1838 3767 2045 3851 possit
2085 3784 2220 3828 non
2267 3784 2622 3852 agnoscere
2644 3763 2724 3843 ²).

510 3867 900 3952 Disputandi
942 3878 1150 3933 autem
1199 3869 1486 3936 ordinem
1534 3879 1601 3934 et
1629 3878 1991 3933 contextum
2024 3870 2078 3932 si
2108 3871 2244 3953 quis
2277 3866 2724 3935 considerave-

510 3972 620 4048 rit,
678 3969 820 4035 fieri
876 3974 981 4036 vix
1036 3985 1254 4059 potest
1297 3977 1450 4060 quin
1499 3974 1751 4058 saepius
1795 3972 2072 4036 haereat.
2159 3971 2319 4036 Post
2361 3969 2588 4035 librum
2631 3968 2724 4047 A,

511 4094 638 4159 quo
698 4078 1093 4161 superiorum
1150 4077 1686 4164 philosophorum
1732 4079 2034 4162 expositis
2080 4077 2409 4141 sententiis
2456 4094 2722 4161 praepa-

622 4254 684 4321 1)
721 4260 784 4309 cf.
822 4280 953 4327 quae
991 4260 1091 4313 dixi
1125 4262 1176 4315 iu
1212 4264 1367 4332 praes.
1405 4262 1467 4313 ad
1502 4262 1641 4313 Alex.
1667 4261 1825 4333 Apbr.
1864 4278 2049 4313 comm.
2084 4259 2137 4315 in
2173 4261 2380 4329 Metapli
2434 4280 2485 4328 p.
2510 4259 2586 4310 lx
2610 4277 2682 4327 sq.

615 4340 683 4409 2)
720 4345 932 4396 Brandis
969 4344 1139 4397 Ueber
1174 4348 1253 4417 die
1278 4348 1428 4398 Arist.
1456 4349 1581 4399 Met.
1617 4368 1668 4417 p.
1700 4362 1758 4401 87
1777 4368 1788 4397 :
1827 4346 1905 4398 die
1930 4347 2192 4399 Aeclnheit
2227 4348 2344 4398 aller
2378 4344 2581 4409 ilbi-igen
2611 4344 2718 4395 Bii-

511 4430 630 4480 cher
664 4429 879 4495 dagegen
923 4433 1027 4482 will
1073 4432 1153 4483 ich
1190 4453 1325 4485 zwar
1359 4432 1692 4499 heinesweges
1728 4433 1778 4484 in
1814 4433 2048 4503 positiver
2081 4432 2497 4496 Beweisflihrung
2532 4452 2594 4481 zu
2629 4432 2718 4481 be-

511 4516 716 4568 wiiliren
753 4518 1131 4581 unternehmen,
1165 4519 1304 4571 wohl
1339 4521 1460 4571 aber
1492 4538 1646 4585 gegcn
1683 4520 1906 4585 Angrisl'c
1943 4540 2005 4570 zu
2039 4532 2300 4571 veru-eten.
2633 4526 2644 4533 “
