3109 5175
573 368 722 444 214
1405 370 1482 440 Γ
1521 366 1591 440 7.
1676 367 1944 442 1012α.

569 546 908 612 constituit
951 554 1017 610 et
1061 543 1483 624 artificioaim,
1526 566 1713 631 quam
1756 547 1999 620 veriuzr,
2046 565 2121 610 ea
2162 548 2328 611 enim
2366 545 2653 633 suppleri
2688 549 2784 613 iu-

575 650 703 729 bet,
745 671 911 736 quae
955 646 1181 713 dubito
1225 670 1376 714 num
1422 648 1528 714 vel
1561 648 1921 715 Aristotelis
1966 648 2516 735 breviloquentiae
2554 670 2786 716 conce-

575 752 827 819 dantur.
858 789 948 802 —
990 746 1068 818 τὸ
1113 748 1470 832 διανοητόν
1514 762 1582 818 et
1623 747 1701 818 td
1745 749 1983 833 νοητόν
2029 756 2355 819 coniunxit
2390 753 2786 831 Aristoteles,

575 868 646 924 ut
687 861 1046 923 universum
1097 856 1534 945 cognoscendi
1582 867 1650 921 et
1691 856 2015 945 cogitandi
2060 858 2359 923 ambitum
2407 857 2787 945 compiecte-

572 972 780 1038 retur3
815 961 975 1027 illud
1015 963 1180 1027 enim
1216 960 1652 1040 discursivum,
1685 960 1813 1025 hoc
1847 961 2425 1048 contemplativum,
2461 962 2634 1048 quod
2668 984 2787 1027 no-

573 1075 804 1131 straten
845 1086 1022 1130 nunc
1065 1064 1298 1144 dicunt,
1344 1063 1785 1153 cognoscendi
1828 1086 2036 1153 genua
2080 1064 2415 1154 signifieat,
2458 1066 2540 1130 cf.
2589 1067 2647 1133 Θ
2677 1070 2783 1134 10.

575 1171 671 1235 Ita
717 1170 948 1235 horum
989 1169 1328 1234 verborum
1371 1168 1709 1234 discrimen
1764 1178 1938 1234 recte
1983 1168 2256 1256 explicat
2298 1168 2459 1235 Alex
2504 1170 2584 1235 ad
2630 1172 2691 1236 h.
2740 1171 2781 1236 1.

565 1271 878 1339 -Treudei,
925 1273 1007 1339 de
1051 1293 1153 1339 an.
1198 1297 1259 1361 p.
1292 1274 1442 1339 272.
1503 1274 1735 1338 Waitz
1775 1273 1942 1360 Org.
1986 1273 2065 1337 11.
2113 1276 2236 1340 71·
2278 1276 2336 1338 1.

710 1379 987 1443 1012115
1032 1379 1150 1443 ἔτι
1189 1415 1280 1428 --
1323 1381 1366 1443 9
1412 1379 1664 1443 ἔσται.
1743 1374 1844 1442 Ad
1889 1376 2235 1442 absurdum
2282 1376 2669 1456 deducimur,
2710 1381 2786 1459 ai,

571 1475 746 1567 quod
803 1481 1016 1546 facere
1071 1501 1108 1545 a
1166 1479 1613 1546 defensoribus
1669 1479 1837 1545 illius
1886 1483 2241 1546 sententiae
2296 1481 2618 1561 iubemur,
2687 1485 2785 1547 in·

563 1595 673 1650 ter
728 1584 1050 1672 quaelibet
1101 1583 1599 1650 contradictoria
1666 1582 1943 1651 medium
2008 1584 2328 1671 quidpiam
2380 1585 2786 1654 intercedere

571 1709 920 1755 censemus.
1012 1688 1448 1775 Consequitur
1489 1691 1656 1754 enim
1703 1699 1775 1754 ut
1817 1688 2091 1756 medium
2136 1686 2459 1773 quoddam
2518 1693 2786 1760 inteme-

577 1791 688 1858 dat
729 1795 898 1858 inter
940 1814 1156 1860 verum
1205 1803 1271 1858 et
1315 1791 1556 1871 falsum,
1601 1796 1748 1858 item
1786 1797 1954 1858 inter
1991 1813 2104 1856 ens
2146 1803 2211 1856 et
2248 1812 2567 1870 non-enS,
2608 1793 2784 1860 unde

573 1915 796 1962 rursus
849 1896 926 1961 fit
979 1906 1079 1976 ut,
1137 1917 1329 1984 quum
1384 1899 1719 1984 generatio
1777 1898 1860 1962 sit
1902 1898 2169 1962 mutatio
2219 1918 2293 1960 ex
2338 1908 2675 1962 non-ente
2714 1900 2783 1963 in

565 2020 706 2080 ena,
747 2004 1045 2068 interitus
1085 2011 1312 2066 contra
1361 2022 1436 2066 ex
1483 2003 1633 2067 en‘te
1676 2004 1743 2066 in
1780 2021 2096 2079 non-ens,
2138 2002 2327 2065 tertia
2368 2019 2511 2065 esse
2548 1999 2785 2067 debeat

567 2108 835 2171 mutatio
904 2105 1444 2180 substantiam
1512 2106 1638 2170 hoc
1703 2108 1867 2170 enim
1926 2107 2291 2170 mutationis
2348 2124 2555 2193 genua
2613 2105 2784 2183 dicit,

573 2227 944 2295 quamquam
1005 2212 1319 2274 communi
1375 2209 1750 2293 μεταβολῆς
1809 2211 2067 2274 nomine
2124 2212 2337 2274 utitur.
2427 2211 2784 2296 Utrumque
2884 2305 2894 2314 ο

575 2311 917 2376 absurdum
965 2333 1105 2378 esse
1149 2324 1460 2399 tamquam
1506 2322 1733 2399 suapte
1777 2323 2005 2377 natura
2047 2312 2446 2379 manifestum
2486 2316 2697 2378 sumit.

710 2413 921 2480 1012a
957 2420 1002 2482 9
1047 2415 1166 2481 ἔτι
1207 2451 1294 2467 -·
1343 2419 1425 2482 ll
1471 2416 1746 2497 δῆλον.
1835 2417 2000 2482 Sunt
2049 2417 2355 2502 quaedam
2401 2437 2640 2506 genera
2682 2437 2783 2481 re-

571 2539 727 2598 rum,
774 2522 840 2585 in
882 2520 1111 2607 quibus
1157 2523 1293 2608 ipsa
1340 2523 1459 2585 iam
1495 2521 1920 2588 contradictio
1959 2518 2221 2585 conficit
2252 2524 2783 2600 contrarietatum

569 2623 772 2689 veluti
813 2627 883 2689 in
929 2629 1205 2691 numeris
1250 2629 1612 2713 quicunque
1654 2648 1792 2692 nou
1838 2635 1937 2690 est
1980 2646 2128 2710 par,
2173 2629 2226 2691 is
2270 2630 2636 2691 necessario
2686 2638 2783 2691 est

573 2729 792 2813 impar.
860 2729 936 2793 In
971 2730 1067 2793 his
1099 2728 1445 2817 generibus
1481 2733 1535 2795 si
1572 2750 1863 2816 paremus
1900 2728 2350 2795 defensoribus
2378 2729 2572 2795 medii
2607 2729 2781 2796 illius

576 2831 750 2917 quod
797 2835 963 2897 inter
1007 2831 1503 2898 contradictoria
1547 2833 1930 2912 intercedat,
1987 2855 2289 2899 numerua
2340 2836 2465 2899 erit
2504 2845 2785 2901 stamen-

571 2933 724 3015 dus,
771 2939 881 3023 qui
923 2958 1046 3002 nec
1087 2959 1206 3024 par
1243 2940 1331 3002 ait
1374 2957 1495 3002 nee
1537 2940 1768 3023 impar;
1826 2935 1889 3002 id
1937 2958 2094 3002 vero
2142 2936 2483 3003 absurdum
2527 2959 2700 3017 ease,
2742 2960 2781 3003 e

570 3041 839 3104 notione
876 3039 1032 3104 dicit
1063 3056 1389 3126 apparere,
1426 3045 1497 3104 ἐκ
1533 3044 1655 3105 τοῦ
1693 3038 1973 3126 ὁρισμοῦ
2007 3040 2077 3106 δὲ
2112 3040 2318 3120 δῆλον
2354 3044 2509 3107 all.
2568 3042 2781 3127 Quem

572 3138 854 3228 ὁρισμόν
896 3154 1108 3208 utrum
1153 3141 1326 3207 dicat
1367 3147 1630 3222 numeri,
1672 3146 1782 3229 qui
1827 3163 1948 3229 pro
1994 3143 2287 3230 exemplo
2334 3156 2472 3213 erat
2513 3149 2782 3231 positus,

571 3243 746 3330 quod
795 3244 1156 3310 Alexander
1200 3244 1431 3327 voluit,
1476 3269 1589 3327 an,
1634 3246 1807 3334 quod
1856 3246 2145 3333 equidem
2188 3249 2614 3335 praetulerim,
2667 3270 2784 3315 no-

569 3351 808 3414 tionem
855 3353 992 3415 eius
1038 3353 1502 3421 contrarietatis
1546 3373 1713 3438 quae
1748 3354 1883 3439 ipsa
1918 3350 2429 3419 contradictione
2466 3354 2785 3420 efficiatur

571 3458 712 3530 (eat
765 3463 976 3519 autem
1034 3454 1193 3520 illud
1246 3451 1323 3521 τὸ
1367 3454 1620 3539 ἄμεσον
1663 3457 2035 3536 ἐναντίον),
2091 3477 2228 3521 non
2287 3457 2540 3523 videtur
2598 3468 2780 3523 certo

571 3555 833 3623 decerni
877 3579 1091 3646 potae,
1133 3580 1258 3624 nee
1300 3560 1562 3625 muitum
1609 3558 1843 3624 differt.
1935 3559 2237 3625 Profecto
2284 3563 2449 3626 enim
2494 3561 2643 3626 huic
2685 3584 2781 3627 ar-

569 3672 876 3748 gumento
923 3661 1079 3726 illud
1123 3673 1226 3727 cat
1265 3665 1426 3728 vitio
1467 3661 1779 3741 dandum,
1836 3662 2012 3749 quod
2060 3667 2559 3744 contrarietatis,
2615 3686 2781 3750 quae

567 3786 678 3830 aua
719 3777 943 3831 natura
983 3769 1248 3830 omnino
1285 3775 1502 3853 potest
1529 3764 1802 3831 medium
1836 3765 2182 3843 admittere,
2220 3766 2546 3854 singulare
2576 3766 2779 3854 quod³

569 3866 712 3933 dam
772 3890 977 3957 genus
1036 3868 1319 3948 adhibet,
1376 3892 1566 3955 quum
1624 3880 1854 3957 agatur
1897 3869 1979 3935 de
2025 3868 2562 3949 contradictione,
2616 3892 2779 3956 quae

567 3992 680 4036 aua
724 3982 952 4037 natura
998 3973 1271 4038 medium
1316 3973 1649 4038 admittere
1692 3994 2013 4058 nunquam
2058 3983 2293 4059 potest.

706 4077 913 4141 1⁰12«
954 4079 1038 4142 12
1084 4078 1203 4141 ἔτι
1249 4114 1327 4129 -
1385 4080 1464 4143 15
1509 4070 1736 4156 ἄλλη.
1823 4075 1891 4141 Si
1950 4079 2118 4143 inter
2171 4077 2657 4143 affirmationem
2716 4086 2783 4141 et

567 4182 975 4267 negationem
1019 4178 1295 4245 medium
1340 4184 1639 4268 ponimus
1683 4190 1997 4267 tamquam
2041 4180 2353 4247 diversam
2392 4179 2471 4245 ab
2512 4190 2782 4264 utraque

567 4282 1010 4364 substantiam,
1057 4307 1189 4351 non
1234 4284 1441 4351 solum
1487 4284 1616 4348 hoc
1658 4287 1909 4350 tertium
1954 4280 2266 4368 (ἡμιόλια
2313 4322 2398 4334 -
2444 4275 2529 4347 τὰ
2575 4276 2780 4361 ὄντα)

569 4386 816 4452 accedit
855 4409 1081 4477 genua,
1125 4390 1300 4478 quod
1347 4410 1470 4454 nee
1515 4409 1630 4452 ene
1675 4397 1775 4453 est
1807 4410 1932 4453 nec
1968 4409 2298 4464 non—enm
2344 4384 2572 4452 eodem
2614 4387 2780 4449 cuim

565 4492 705 4555 iure
764 4494 931 4557 inter
985 4496 1111 4559 hoc
1164 4494 1439 4561 medium
1499 4503 1566 4556 et
1617 4491 1723 4557 vel
1782 4491 2269 4557 affirmationem
2326 4488 2433 4556 vel
2493 4493 2781 4577 negatio·
