3109 5175
587 353 738 430 296
1425 360 1503 429 Ζ
1551 356 1615 429 l.
1695 355 1966 432 1028α.

594 541 715 612 tur,
759 534 1104 619 praecipuo
1148 552 1226 597 ac
1267 533 1569 619 primario
1613 553 1807 600 sensu
1852 553 1996 612 ens,
2037 542 2110 597 ut
2152 530 2329 619 quod
2372 553 2511 600 non
2554 530 2811 621 praedi-

594 645 774 701 cetur
816 633 899 700 de
944 634 1073 700 alio
1113 634 1406 700 subiecto
1442 638 1705 721 eiusque
1743 634 2332 704 determinationem
2372 636 2691 724 quandam
2724 642 2809 703 si·

594 736 874 827 gnificet,
919 734 1002 804 οὐ
1041 739 1106 804 τὶ
1152 732 1248 816 ὅν,
1291 736 1407 803 sed
1447 737 1531 804 de
1572 760 1700 825 quo
1738 737 2185 827 praedicentur
2217 740 2485 828 reliqua,
2528 751 2627 807 est
2658 740 2809 807 sub-

592 845 844 907 stantia.

730 947 939 1012 1⁰28«
963 948 1048 1012 31
1081 946 1507 1029 πολλαχῶς
1539 982 1619 997 -
1646 948 1728 1012 ῠ7
1763 947 1840 1010 τί
1873 951 2116 1012 ἐστιν.
2169 945 2599 1012 Substantiam
2627 945 2807 1034 quod

594 1046 752 1114 dixit
795 1071 937 1114 esse
977 1046 1248 1136 πρώτως
1292 1043 1401 1127 ὄν,
1458 1052 1760 1136 quoniam
1816 1048 1960 1135 plus
2005 1070 2132 1115 una
2176 1049 2647 1138 significatione
2694 1050 2810 1116 ali-

592 1150 745 1237 quid
791 1157 1060 1239 primum
1105 1153 1212 1218 vel
1257 1155 1433 1239 prius
1479 1151 1619 1217 aliis
1667 1174 1808 1217 esse
1852 1150 2082 1217 dicitur
2133 1164 2200 1217 et
2241 1157 2361 1218 tria
2406 1156 2805 1240 potissimum

591 1255 720 1320 boe
775 1255 925 1323 loeo
973 1258 1094 1338 (cf.
1140 1260 1194 1323 A
1241 1258 1365 1334 11)
1423 1253 1875 1343 distinguenda
1931 1254 2231 1321 videntur
2287 1259 2636 1341 prioritatis
2692 1279 2807 1346 ge-

593 1379 766 1437 nera,
798 1363 975 1447 prius
1010 1370 1296 1446 tempore
1333 1357 1713 1425 definitione
1748 1362 2142 1446 cognitione,
2171 1361 2401 1443 quovis
2426 1358 2626 1425 modo
2660 1360 2807 1426 sub-

593 1464 885 1527 stantiam
942 1458 1211 1547 πρώτως
1266 1456 1347 1527 ὅν
1401 1483 1542 1527 esse
1601 1462 1993 1549 comprobat.
2086 1461 2179 1526 Ac
2233 1465 2502 1547 primum
2548 1462 2803 1549 quidem

593 1563 767 1651 quod
815 1576 1108 1652 tempore
1153 1563 1460 1651 quaedam
1504 1568 1722 1651 priora
1772 1586 1913 1630 esse
1970 1563 2150 1642 dicit,
2207 1567 2260 1629 si
2315 1587 2448 1630 rem
2506 1566 2805 1632 subtilius

592 1671 1066 1749 examinaveris,
1106 1689 1245 1734 non
1288 1680 1412 1732 tam
1458 1670 1766 1755 temporis
1811 1670 1998 1754 ponit
2040 1659 2390 1746 discrimen,
2434 1670 2551 1735 sed
2597 1673 2804 1757 ipsam

593 1775 907 1838 essentiae
964 1772 1334 1861 dignitatem
1394 1771 1756 1860 distinguit,
1812 1770 2121 1856 siquidem
2177 1771 2524 1838 substantia
2571 1794 2689 1860 per
2732 1795 2806 1839 se

593 1886 658 1942 et
702 1874 997 1942 absolute
1045 1887 1142 1942 est
1183 1897 1395 1963 neque
1438 1875 1698 1941 aliunde
1742 1894 2070 1961 suspensa,
2113 1873 2395 1960 reliquae
2437 1896 2598 1942 vero
2634 1887 2806 1942 cate-

589 1982 814 2069 goriae
858 1979 1273 2046 substantiam
1316 1983 1647 2066 requirunt
1681 1981 1783 2043 eui
1819 1977 2207 2056 inhaereant,
2250 1980 2378 2044 τῶν
2421 1973 2644 2045 ἄλλων
2678 2001 2805 2044 κα-

587 2079 1069 2171 τηγορημάτων
1114 2081 1325 2150 οὐθὲν
1361 2078 1703 2169 χωριστόν,
1748 2075 1917 2160 αὕτη
1962 2080 2031 2146 δὲ
2072 2076 2264 2167 μόνη,
2310 2083 2389 2147 cf.
2436 2085 2630 2171 Phys.
2659 2085 2693 2150 1
2737 2086 2804 2150 2.

593 2190 758 2254 185a
799 2190 915 2255 31:
973 2183 1184 2252 οὐθὲν
1239 2181 1369 2272 γὰρ
1428 2189 1563 2253 τῶν
1621 2179 1838 2249 ἄλλων
1887 2180 2214 2269 χωριστόν
2267 2190 2404 2251 ἐστι
2445 2182 2633 2274 παρὰ
2676 2183 2807 2272 τὴν

592 2288 857 2358 οὐσίαν·
914 2285 1137 2354 πάντα
1193 2285 1323 2375 γὰρ
1379 2285 1545 2353 καθ’
1587 2284 2012 2370 ὑποκειμένου
2066 2290 2184 2367 τῆς
2239 2286 2469 2367 οὐσίάς
2522 2293 2803 2376 λέγεται.

589 2394 721 2460 Sed
767 2396 1066 2483 quoniam
1111 2397 1179 2458 in
1225 2394 1643 2481 generatione
1686 2392 1825 2454 siue
1870 2411 1998 2475 quo
2043 2390 2218 2457 aliud
2262 2416 2403 2459 esse
2445 2400 2688 2481 nequit,
2733 2395 2804 2462 id

592 2509 880 2584 tempore
916 2500 1091 2585 prius
1130 2518 1272 2562 esse
1310 2493 1495 2574 solet,
1533 2492 1722 2558 facile
1757 2496 2064 2578 temporis
2099 2516 2333 2562 nomen
2370 2501 2557 2563 etiam
2595 2498 2679 2565 ad
2711 2499 2805 2566 di-

588 2602 1033 2691 stingnendam
1065 2604 1382 2668 essentiae
1411 2598 1786 2686 dignitatem
1818 2597 2188 2666 deflectitur.
2214 2636 2295 2649 -—
2330 2601 2531 2687 Quod
2562 2604 2804 2672 deinde

589 2702 765 2790 λόγῳ
807 2702 1131 2793 πρότερον
1174 2705 1330 2770 dicit
1373 2724 1513 2769 esse
1557 2701 1968 2766 substantiam
2012 2700 2269 2788 reliquis
2314 2709 2689 2793 categoriis,
2714 2708 2805 2774 -id

588 2812 813 2874 mirum
856 2807 1148 2875 videatur
1190 2809 1527 2895 reputanti,
1578 2805 1728 2870 alibi
1773 2805 2176 2870 Aristotelem
2224 2802 2299 2871 τὸ
2345 2803 2519 2892 λόγῳ
2563 2807 2805 2896 πρότε-

588 2934 711 2997 ρον
756 2923 821 2977 et
860 2907 939 2979 τὸ
986 2910 1184 2997 οὐσίᾳ
1226 2907 1550 2998 πρότερον
1593 2912 1679 2974 ita
1728 2929 2086 2995 opponere,
2145 2920 2214 2974 ut
2254 2906 2431 2995 λόγῳ
2472 2909 2805 3001 πρότερον

589 3015 887 3081 accidens
931 3019 1014 3081 sit
1054 3038 1128 3082 re
1173 3025 1490 3093 concreta,
1534 3015 1834 3099 quoniam
1878 3010 1961 3076 ad
2006 3010 2429 3079 definiendam
2475 3038 2608 3081 rem
2646 3039 2803 3085 con·

589 3130 822 3183 cretam
866 3122 1209 3203 requiritur
1253 3116 1565 3195 accidens,
1614 3118 1699 3180 M
1722 3118 1784 3180 2.
1822 3117 2021 3182 1077ὸ
2049 3118 2083 3181 1
2106 3119 2306 3182 -14,
2358 3121 2419 3184 3.
2455 3122 2667 3186 lovea
2695 3124 2801 3202 10,

590 3220 671 3285 cf.
713 3222 768 3287 A
801 3224 905 3287 11.
945 3224 1147 3287 1018ὺ
1181 3224 1288 3288 34.
1349 3222 1397 3287 Ι
1434 3223 1495 3288 3.
1544 3222 1753 3287 1054α
1789 3221 1897 3286 28.
1964 3219 2205 3283 Verum
2235 3243 2294 3284 v.
2324 3218 2521 3305 λόγος
2552 3223 2610 3289 b.
2646 3225 2690 3289 Ι.
2722 3247 2799 3293 ea

590 3333 689 3390 est
729 3327 793 3388 vi
839 3337 1233 3411 usurpatum,
1293 3348 1416 3411 qua
1474 3347 1668 3412 saepe
1723 3345 1859 3390 non
1903 3322 2109 3389 solum
2156 3324 2516 3390 distinctum
2564 3328 2799 3396 additis

586 3449 768 3493 voce.
802 3425 1140 3513 ὁριστικός,
1183 3432 1305 3494 τοῦ
1344 3432 1411 3494 τί
1452 3420 1539 3510 ἦν
1576 3423 1758 3508 εἶναι,
1803 3431 1921 3493 τοῦ
1956 3429 2018 3491 τί
2051 3430 2203 3505 ἐστι,
2246 3428 2367 3506 τῆς
2409 3425 2661 3510 οὐσίας,
2709 3430 2800 3499 εἶ-

590 3532 735 3611 δος,
791 3527 1050 3622 μορφή,
1094 3534 1387 3617 ἐνέργεια
1431 3535 1562 3614 (Η
1597 3535 1661 3599 3.
1710 3533 1914 3599 104312
1950 3533 2053 3596 31.
2102 3566 2186 3578 -
2231 3530 2286 3595 Δ
2328 3532 2390 3595 2.
2440 3533 2652 3601 1013«
2689 3539 2797 3604 27.

587 3635 695 3701 29.
739 3638 943 3701 10291,
974 3637 1081 3700 20.
1140 3637 1203 3698 Ζ
1237 3637 1297 3702 4.
1348 3639 1550 3704 102915
1586 3640 1693 3704 20.
1749 3639 1811 3703 5.
1859 3636 2068 3702 10310
2094 3635 2198 3700 12.
2257 3634 2311 3699 Δ
2346 3637 2407 3701 6.
2448 3638 2663 3704 1016·
2686 3643 2796 3708 34.

590 3772 674 3788 -
722 3739 842 3801 An.
879 3747 1046 3823 post.
1088 3737 1117 3801 1
1162 3739 1224 3801 4.
1273 3741 1525 3821 73:136,
1555 3744 1664 3808 38.
1723 3741 1784 3806 11
1832 3742 1934 3805 10.
1980 3740 2096 3804 93⁶
2119 3740 2224 3804 39.
2252 3775 2332 3790 —
2378 3741 2435 3806 A
2471 3742 2532 3807 8.
2584 3746 2798 3812 10184

589 3842 695 3905 10.
727 3876 810 3891 -
855 3839 925 3904 Β
953 3841 1015 3904 2.
1049 3842 1212 3906 996ὺ
1235 3843 1296 3909 8.
1345 3847 1408 3908 Ζ
1434 3848 1535 3911 11.
1573 3847 1776 3913 10361*
1801 3847 1863 3910 5.
1909 3844 1999 3908 H
2020 3844 2081 3907 2.
2115 3843 2324 3907 1043«
2353 3845 2456 3909 19.
2487 3880 2574 3895 -
2620 3848 2712 3914 H
2737 3852 2796 3916 1.

591 3942 801 4005 1042·
836 3942 941 4007 28.
992 3978 1074 3993 -
1119 3946 1201 4010 Η
1247 3948 1308 4010 2.
1357 3950 1567 4016 1043ae
1608 3952 1762 4029 19),
1807 3969 2026 4013 verum
2082 3949 2265 4011 etiam
2310 3948 2679 4034 simpliciter
2720 3975 2799 4020 ac

585 4061 706 4127 per
733 4062 805 4104 se
834 4058 1170 4130 usurpatur
1200 4049 1295 4127 (Γ
1318 4052 1378 4115 4.
1413 4056 1615 4120 10066
1639 4055 1744 4118 26.
1793 4053 1858 4116 Ζ
1881 4053 1940 4117 5.
1976 4051 2183 4116 10310
2211 4053 2270 4115 7.
2316 4053 2419 4118 10.
2454 4055 2662 4122 1034ὸ
2684 4059 2795 4125 31.

588 4145 690 4208 11.
729 4144 931 4210 10366
958 4148 1059 4211 13.
1092 4147 1216 4227 al.)
1262 4164 1332 4219 ut
1366 4157 1684 4245 significet
1718 4160 2050 4223 notionem
2088 4153 2587 4225 substantialem.
2662 4162 2797 4228 lam

585 4244 694 4311 ubi
741 4246 1078 4312 cuiuslibet
1120 4253 1211 4314 rei
1259 4253 1699 4328 definitionem
1744 4280 2117 4348 proponere
2172 4263 2557 4344 susceperis,
2614 4266 2670 4328 si
2719 4287 2795 4332 ea

584 4366 720 4411 non
765 4351 900 4432 ipsa
947 4357 1044 4412 est
1087 4350 1455 4442 substantia,
1500 4365 1581 4429 ab
1625 4384 1707 4430 eo
1739 4361 2117 4433 ordiendum
2148 4365 2273 4427 erit
2302 4363 2369 4426 in
2401 4362 2796 4449 definiendo,

585 4459 659 4514 ut
703 4452 1030 4534 primum
1075 4452 1487 4535 substantiam
1533 4489 1768 4558 ponas,
1825 4471 1928 4536 cui
1972 4466 2081 4534 illa
2124 4465 2478 4545 inhaereat,
2532 4463 2797 4555 ἀνάγκη
