3109 5175
1131 384 1247 492 ἦΛ
1296 376 1365 452 s.
1449 378 1718 482 107312.
2405 378 2551 452 507

348 553 601 620 stotelis
637 552 834 619 verba
869 552 1238 618 brevissime
1274 553 1680 640 explicuisse3
1725 557 1830 640 qui
1864 554 2046 640 plura
2083 553 2463 633 desiderent,
2509 558 2555 619 ii

352 656 586 722 adeant
629 666 884 743 praeter
916 659 1022 721 Ar.
1069 656 1151 722 de
1194 659 1384 723 coelo
1421 660 1482 722 11
1529 660 1615 722 12
1661 661 1828 724 iuter
1872 668 2401 724 commentatores
2447 680 2555 724 ve-

352 772 518 825 teres
563 760 776 847 Simpl.
825 759 905 824 ad
952 759 1068 826 1.l.
1117 760 1200 825 de
1245 760 1450 840 coelo,
1495 760 1711 828 Schol.
1758 785 1817 847 p.
1848 763 2294 829 4985—50412.
2373 762 2552 826 Alex.

352 863 433 929 ad
478 868 681 951 ipsum
728 864 899 929 hunc
943 864 1154 930 locum
1197 887 1260 950 p.
1294 866 1699 943 677—681,
1755 869 1921 931 inter
1977 867 2370 931 recentiores
2412 863 2555 929 Ide-

352 966 448 1031 ler
494 966 533 1031 l.
571 967 641 1046 l.,
700 988 775 1032 ac
818 970 1185 1053 praecipue,
1243 972 1350 1054 qui
1395 968 1477 1034 de
1523 991 1598 1034 ea
1643 991 1712 1033 re
1758 972 2219 1035 accuratissime
2267 979 2332 1034 et
2373 989 2555 1056 saga·

352 1072 598 1135 cissime
643 1070 1003 1157 disputavit,
1052 1072 1320 1136 Krische
1366 1073 1627 1136 Forsch.
1673 1073 1721 1136 Ι.
1767 1097 1827 1159 p.
1857 1074 2253 1139 286—300.

486 1174 572 1254 d)
618 1176 823 1240 10730
862 1177 943 1240 17
992 1169 1484 1255 Εὕδοξος.-
1535 1178 1749 1241 loun
1783 1178 1865 1240 14
1906 1171 2555 1262 ,τεσσαράκοντα

353 1276 524 1341 Solis
583 1299 659 1341 ac
713 1276 906 1342 lunae
962 1289 1172 1343 motus
1229 1280 1462 1366 triplici
1517 1289 1783 1365 uterque
1837 1279 2032 1345 modo
2080 1280 2380 1346 definitus
2426 1288 2552 1354 est;

354 1383 619 1467 primum
665 1383 832 1444 e'nim
878 1382 1042 1445 intra
1088 1381 1216 1447 diei
1260 1387 1532 1468 spatium
1588 1387 1830 1469 pariter
1874 1404 1950 1447 ac
1993 1383 2218 1449 stellae
2261 1384 2426 1448 fixae
2472 1382 2553 1447 ab

356 1485 605 1547 oriente
650 1481 731 1547 ad
778 1481 1175 1550 occidentem
1219 1486 1595 1565 volvuntur,
1654 1486 1889 1553 deinde
1936 1492 2104 1554 intra
2148 1487 2408 1577 longius
2453 1486 2558 1552 vel

355 1589 505 1650 anni
561 1585 666 1651 vel
725 1591 958 1652 mensis
1015 1590 1283 1674 spatium
1331 1611 1448 1675 per
1490 1588 1821 1654 zodiacum
1865 1603 2204 1656 moventur
2248 1600 2319 1656 ut
2359 1590 2557 1654 modo

356 1711 495 1754 cum
557 1690 680 1755 hoc
735 1690 932 1755 modo
991 1714 1128 1756 cum
1188 1692 1303 1755 illo
1357 1691 1605 1757 zodiaci
1661 1692 1870 1758 sidere
1929 1698 2210 1760 orientes
2265 1692 2558 1759 occiden-

358 1802 537 1857 tesve
593 1797 1096 1881 conspiciantur3
1156 1793 1431 1882 denique
1489 1795 1571 1860 ab
1631 1817 1711 1860 eo
1769 1797 1956 1876 orbe,
2016 1820 2200 1884 quem
2258 1796 2559 1862 zodiacus

357 1894 661 1976 destinat,
717 1896 1018 1963 videntur
1060 1901 1149 1963 ita
1195 1900 1522 1979 aberrare,
1582 1912 1654 1965 ut
1696 1923 1730 1966 a
1775 1900 1988 1966 medio
2034 1902 2305 1966 zodiaco
2350 1898 2560 1964 latitu-

358 1996 569 2064 dinem
613 2022 833 2066 versus
874 2002 1136 2088 oblique
1171 2002 1509 2098 declinent,
1555 2025 1629 2068 ac
1664 2003 1814 2069 luna
1849 2003 2102 2089 quidem
2137 2002 2413 2091 longiuS,
2458 2001 2563 2066 sol

359 2104 564 2167 minus
610 2102 832 2192 longe,
890 2127 1098 2192 neque
1142 2109 1207 2170 in
1254 2107 1540 2172 solstitiis
1587 2107 1686 2171 sol
1733 2111 1797 2172 in
1846 2107 2069 2172 eodem
2116 2105 2364 2172 zodiaci
2408 2106 2560 2171 loco

359 2211 573 2273 oriens
619 2208 722 2274 vel
770 2209 1071 2274 occidens
1115 2213 1562 2296 conspiciatur,
1614 2211 1693 2276 cl'.
1735 2210 1954 2299 Simpl.
1998 2211 2213 2278 Schol.
2257 2213 2417 2278 4981»
2452 2214 2559 2278 39.

358 2312 542 2376 Hanc
584 2312 893 2399 triplicem
941 2312 1223 2378 eiusdem
1269 2326 1477 2379 motus
1508 2314 1872 2401 qualitatem
1904 2314 2209 2380 Eudoxus
2254 2315 2421 2382 haud
2467 2319 2563 2381 iu-

362 2425 510 2500 epte
565 2420 652 2481 ita
710 2415 833 2481 sibi
888 2415 1142 2482 videtur
1197 2413 1539 2503 explicare,
1598 2429 1669 2483 ut
1723 2439 1797 2483 ex
1849 2418 2052 2483 tribus
2097 2419 2372 2486 motibus
2418 2442 2562 2486 eum

358 2523 778 2606 compositum
813 2541 967 2605 ,esse
1012 2531 1248 2587 statuat
1292 2544 1369 2585 ac
1411 2533 1538 2588 tres
1587 2532 1788 2609 ponat
1837 2521 2139 2607 sphaeras
2185 2527 2347 2588 circa
2393 2524 2560 2590 idem

359 2634 640 2688 centrum
689 2626 939 2689 diversa
988 2624 1340 2691 directione
1386 2643 1532 2691 sese
1573 2611 1936 2703 volventes,
1971 2647 2230 2712 quarum
2271 2629 2564 2714 sphaera-

359 2749 495 2791 rum
545 2731 652 2791 uni
698 2727 890 2792 infixa
936 2731 1020 2791 sit
1061 2731 1199 2813 ipsa
1246 2728 1459 2808 stella,
1516 2730 1684 2796 duae
1728 2730 2040 2816 reliquae,
2098 2751 2277 2796 suum
2323 2742 2562 2796 motum

302 2831 314 2845 ⁸
361 2829 440 2893 ad
488 2827 657 2893 illam
705 2831 1530 2919 sphaeram-propagantes,
1576 2838 1671 2897 ita·
1693 2844 1932 2898 motum
1965 2832 2187 2898 stellae
2218 2837 2562 2899 immutent.

363 2933 457 2996 Ac
513 2936 712 3017 prima
769 2933 1023 3020 quidem
1085 2936 1354 3020 sphaera
1415 2935 1641 3001 eodem
1702 2937 1901 3000 fertur
1951 2947 2126 3000 motu
2177 2956 2250 2999 ac
2298 2936 2565 3021 sphaera

361 3034 686 3100 stellarum
731 3036 1022 3113 fixarum3
1069 3039 1265 3103 altera
1314 3050 1508 3118 motu,
1553 3061 1680 3126 quo
1721 3041 1938 3116 fertur,
1986 3037 2327 3104 orbiculari
2359 3041 2564 3124 ipsum

360 3142 645 3226 sequitur
686 3141 930 3205 zodiaci
979 3142 1226 3219 orbem;
1278 3147 1461 3207 tertia
1510 3141 1784 3229 deniqne
1829 3142 2157 3208 volvendo
2194 3142 2413 3207 orbem
2459 3140 2567 3206 de·
2676 3186 2682 3191 ·

361 3244 610 3321 scribit,
669 3247 775 3328 qui
835 3243 1092 3329 oblique
1149 3246 1481 3311 zodiacum
1538 3252 1761 3311 transit
1819 3257 1884 3312 et
1940 3269 1974 3311 a
2036 3246 2248 3311 medio
2296 3244 2564 3310 zodiaco

363 3357 695 3411 extremam
742 3345 1134 3411 latitudinem
1179 3370 1400 3413 versus
1445 3352 1644 3436 magis
1689 3354 1974 3415 minusve
2021 3348 2301 3415 declinat
2355 3343 2566 3427 (κατὰ

366 3445 487 3514 τὸν
532 3448 974 3531 λελοξωμένον
1018 3455 1090 3515 ἐν
1133 3453 1226 3533 τῷ
1268 3449 1497 3516 πλάτει
1532 3455 1661 3517 τῶν
1700 3452 1946 3535 ζῳδίων
1983 3455 2173 3532 ⁶20).
2246 3450 2343 3516 Ad
2377 3451 2570 3538 expli-

364 3551 631 3616 candum
690 3563 896 3616 autem
954 3552 1349 3640 planetarum
1410 3566 1648 3620 motum
1707 3567 1834 3620 tres
1887 3555 2034 3620 illae
2080 3554 2386 3640 sphaerae
2435 3577 2567 3620 nou

362 3654 689 3720 sufficiunt
733 3655 847 3720 sed
895 3656 1293 3722 adhibendae
1338 3669 1486 3723 sunt
1527 3659 1763 3745 plures.
1846 3662 2050 3744 Atque
2087 3658 2390 3724 Eudoxus
2437 3663 2571 3746 qui-

363 3758 507 3824 dem
555 3770 827 3844 quatuor
869 3761 1149 3846 sphaeris
1197 3759 1589 3847 planetarum
1639 3771 1874 3827 motum
1922 3760 2271 3848 descripsit.
2361 3763 2571 3827 Prima

364 3874 428 3927 et
473 3861 672 3926 altera
719 3862 997 3948 sphaera
1058 3862 1328 3929 eundem
1384 3864 1623 3929 habent
1680 3876 1945 3943 motum,
2005 3888 2080 3929 ac
2123 3870 2319 3951 prima
2368 3879 2431 3931 et
2474 3889 2571 3931 se·-

364 3965 570 4030 cunda
617 3963 773 4031 solis
829 3965 1143 4053 lunaeque
1201 3968 1495 4055 sphaera,
1555 3972 1853 4054 quoniam
1903 3980 1965 4033 et
2009 3970 2444 4055 quotidianum
2490 3968 2571 4033 ab

365 4074 614 4135 oriente
673 4091 893 4135 versus
952 4070 1349 4137 occidentem
1407 4083 1646 4138 motum
1708 4083 1771 4136 et
1824 4095 1964 4138 eum
2012 4076 2119 4159 qui
2166 4073 2430 4158 eclipsin
2477 4094 2573 4137 se-

361 4177 578 4286 quitur
620 4194 1014 4238 communem
1062 4197 1200 4239 cum
1247 4175 1388 4241 sole
1435 4186 1499 4240 et
1543 4176 1695 4241 luna
1734 4198 1954 4241 omnes
1991 4178 2229 4243 habent
2256 4175 2572 4262 planetae,

366 4278 720 4343 «24—27.
800 4279 1019 4343 Tertia
1067 4291 1274 4344 autem
1319 4280 1617 4367 planetae
1665 4283 1967 4367 cuiusque
2011 4281 2275 4367 sphaera
2324 4299 2397 4342 ea
2435 4278 2574 4342 vol-

365 4382 536 4445 vitur
575 4378 947 4459 directione,
998 4392 1069 4446 ut
1112 4381 1250 4468 poli
1295 4385 1700 4469 sphaerarum
1746 4389 1810 4449 in
1859 4385 2096 4449 circulo
2141 4403 2259 4469 per
2300 4381 2570 4447 medium
2643 4464 2653 4471 ·

368 4482 694 4549 zodiacum
733 4483 926 4549 ducto
963 4488 1157 4570 positi
1195 4488 1338 4565 sint,
1369 4486 1500 4552 ⁶28
1535 4488 1749 4567 (unde
1786 4492 2071 4574 sequitur
2104 4497 2175 4551 ut
2209 4489 2353 4551 vice
2388 4506 2570 4550 versa
