3109 5175
553 361 698 436 122
1391 358 1588 433 ΑΒ.
1662 357 1899 434 992ο.

548 542 652 618 tia,
697 543 754 605 εἰ
795 534 857 603 δ’
869 533 1120 616 ὀἷαι-ως,
1162 534 1316 602 inde
1359 547 1875 623 consequeretur,
1917 544 1990 602 ut
2024 537 2277 602 numeri
2318 536 2408 600 ita
2449 537 2757 623 prognati

550 664 680 707 non
739 651 953 706 essent
1007 640 1398 707 substantioe
1452 644 1591 706 sive
1644 639 1858 720 ideae,
1916 642 2215 727 quoniam
2272 661 2346 704 ex
2398 639 2754 705 unitatibus

548 749 716 811 inter
755 766 828 810 se
869 743 1130 830 paribus
1173 745 1653 810 mathematicus
1694 765 1991 810 numerus
2036 746 2293 821 exsistit,
2336 763 2471 808 non
2510 741 2756 821 idealis,

548 847 1463 925 cf.M7.1081ae6;idea1es
1504 857 1580 913 ut
1621 868 2001 935 generemus
2045 867 2361 926 numems,
2405 867 2568 933 φοῦ
2612 845 2761 911 Pla-

549 955 747 1018 tonici
789 951 1137 1018 voluerunt
1177 952 1472 1039 profecto
1517 972 1832 1040 generare
1889 973 2081 1038 quum
2129 951 2201 1016 ἓν
2244 946 2409 1016 αὐτό
2452 953 2589 1015 sive
2632 945 2757 1015 αὐ-

549 1059 700 1122 wer
744 1076 864 1142 pro
908 1057 1223 1142 principio
1268 1055 1644 1133 babuerunt,
1686 1053 1941 1120 diversa
1977 1052 2278 1142 ponenda
2314 1063 2411 1118 est
2444 1055 2757 1118 unitatum

549 1169 796 1238 natura,
839 1180 1002 1245 quse
1046 1163 1306 1225 nomine
1348 1156 1788 1223 tantummodo
1832 1178 1965 1223 uno
2010 1160 2427 1236 contineatur,
2472 1155 2758 1221 πλεονα-

539 1264 679 1347 χῶς
732 1264 989 1345 λέγεται
1033 1256 1111 1328 τὸ
1169 1268 1257 1329 ἓν.
1324 1262 1406 1327 cf.
1448 1261 1631 1327 Alex.
1679 1284 1742 1347 p.
1785 1262 1889 1339 86,
1933 1263 1967 1326 1
1991 1263 2192 1331 -.-2S.
2238 1298 2328 1312 --
2382 1261 2528 1324 Hoc
2570 1279 2760 1345 ergu—

550 1377 831 1430 mentum
877 1376 941 1430 et
983 1365 1159 1452 quod
1202 1388 1392 1453 supra
1439 1366 1604 1430 991⁵
1636 1367 1727 1430 26
1766 1386 1861 1450 sq.
1908 1386 1983 1429 ex
2026 1362 2392 1428 diversitate
2446 1364 2759 1427 unitatum

551 1471 620 1533 in
663 1468 974 1534 ideslibus
1018 1473 1297 1534 numeris
1344 1472 1688 1555 conspicua
1729 1470 2018 1554 repetiit,
2073 1479 2374 1553 quantum
2417 1464 2631 1531 valeat
2672 1463 2759 1529 ad

553 1571 953 1637 refutandum
1001 1571 1331 1638 Platonem
1375 1572 1539 1638 infre
1586 1580 1939 1659 exponetur
1981 1569 2064 1635 ad
2110 1572 2199 1635 M
2234 1572 2293 1636 7.

685 1678 854 1741 992ae
881 1678 968 1741 10
999 1670 1504 1760 βουλόμενοι
1549 1675 1631 1741 δὲ
1660 1713 1747 1726 -
1776 1676 1864 1740 24
1901 1669 2200 1759 στιγμή
2236 1678 2480 1739 ἐστιν.
2538 1669 2643 1737 cf.
2676 1669 2761 1737 ad

555 1782 729 1844 Μ9.
763 1781 1136 1845 108509-
1158 1780 1262 1843 19.
1307 1815 1389 1830 —
1432 1780 1568 1842 all
1603 1780 1898 1862 τίθεμεν,
1946 1777 2026 1842 cf.
2073 1776 2151 1841 ad
2194 1778 2355 1842 99⁰⁶
2390 1778 2453 1841 9.
2491 1810 2574 1826 —-·
2618 1777 2755 1839 all

554 1885 626 1948 ἔκ
656 1905 834 1959 τινος
866 1881 1104 1968 μικροῦ
1137 1903 1250 1947 και
1282 1874 1595 1966 μεγάλου,
1634 1883 1676 1946 i.
1706 1903 1763 1946 e.
1810 1903 1888 1946 ex
1924 1883 2137 1967 specie
2172 1878 2439 1965 quedam
2477 1875 2759 1942 eiusdem

555 1988 884 2063 materiae,
945 2006 1132 2071 quam
1189 1987 1482 2050 universe
1525 1994 1806 2070 ponunt,
1862 1983 1942 2048 cf.
1986 1984 2195 2049 loson
2230 1985 2302 2048 9:
2359 1985 2423 2047 οἱ
2465 1983 2585 2066 μὲν
2626 1974 2760 2064 γὰρ

554 2094 627 2154 ἐκ
668 2092 828 2154 τῶν
870 2087 1111 2154 εἱδῶν
1148 2087 1275 2153 τοῦ
1314 2082 1609 2173 μεγάλου
1647 2088 1759 2154 καὶ
1795 2087 1916 2153 τοῦ
1947 2089 2184 2175 μικροῦ
2212 2087 2479 2152 ποιοῦσι
2513 2087 2639 2163 (sc.
2672 2075 2761 2147 τοὶ

553 2194 869 2274 μεγέθη),
920 2228 1003 2245 --
1047 2193 1184 2256 ⁰17
1233 2188 1442 2257 οὐθὲν
1483 2193 1616 2256 rou
1659 2182 1821 2254 ἄνω
1863 2185 2137 2277 ὑπάρξει
2177 2197 2318 2266 τοῖς
2357 2183 2552 2253 κάτω.
2642 2185 2762 2251 Su-

555 2298 810 2381 periora
847 2316 1107 2383 genera,
1150 2289 1235 2358 τὰ
1269 2288 1426 2371 ἄνω,
1469 2293 1550 2357 cl'.
1584 2293 1651 2357 B
1680 2293 1741 2357 3.
1773 2294 1934 2357 998⁶
1964 2296 2064 2358 18.
2108 2294 2164 2359 A
2192 2294 2255 2357 6.
2288 2293 2497 2359 1⁰16·
2519 2292 2625 2368 29,
2652 2291 2761 2367 30,

557 2419 632 2462 ee
678 2397 1106 2483 appellentur,
1158 2418 1320 2485 quae
1363 2417 1480 2482 per
1524 2396 2012 2461 abstractionem
2055 2394 2439 2484 simpliciore
2484 2393 2762 2479 ideoque

557 2501 656 2584 τῷ
697 2497 902 2584 λόγῳ,
947 2504 1233 2577 notione,
1274 2505 1487 2587 priora
1531 2511 1709 2578 sunt,
1754 2498 1952 2565 veluti
1998 2499 2164 2565 linea
2208 2501 2504 2585 superior
2545 2495 2762 2583 plane,

556 2604 813 2692 planum
849 2604 1082 2670 solido.
1127 2606 1207 2671 cf.
1257 2605 1340 2670 de
1384 2627 1565 2670 voce.
1596 2599 1751 2683 ἄνω,
1792 2601 1967 2669 κάτω
1991 2606 2219 2668 Weitz
2244 2604 2408 2690 Org.
2436 2604 2488 2667 1.
2520 2626 2582 2688 p.
2610 2603 2760 2668 443.

561 2745 643 2760 --
683 2710 820 2773 ⁶19
864 2710 958 2774 ἔτι
1001 2712 1072 2773 αἱ
1117 2711 1384 2794 στιγμαὶ
1428 2713 1499 2774 ἐκ
1539 2711 1720 2785 τίνος
1761 2709 1895 2773 κτλ.
1972 2709 2069 2773 Ex
2113 2729 2241 2794 quo
2286 2709 2626 2793 principio,
2671 2707 2763 2771 ait

560 2810 956 2890 Aristoteles,
998 2811 1159 2876 baec
1202 2816 1257 2877 si
1301 2812 1677 2899 probentur,
1720 2822 2044 2898 repetetur
2086 2822 2158 2878 ut
2201 2810 2386 2876 lineis
2420 2813 2572 2875 insit
2600 2830 2763 2896 pun-

558 2926 756 2994 ctum,
814 2918 1051 3002 quippe
1107 2916 1280 3002 quod
1335 2915 1576 2982 nullam
1625 2914 1707 2981 ad
1752 2919 2030 3002 speciem
2072 2916 2288 3002 magni
2334 2924 2398 2979 et
2438 2918 2620 3002 parvi
2662 2936 2763 2978 re-

557 3017 711 3082 ferri
757 3021 998 3104 possit?
1085 3020 1431 3106 Propterea
1477 3020 1665 3085 Plato
1712 3031 2012 3105 punctum
2057 3029 2368 3105 tamquam
2412 3039 2620 3105 genus
2665 3038 2764 3081 re-

556 3142 695 3186 rum
741 3119 916 3204 quod
958 3142 1114 3184 vere
1155 3134 1324 3187 esset
1359 3125 1513 3209 poni
1553 3121 1778 3201 noluit,
1821 3117 2033 3205 τούτῳ
2068 3124 2163 3204 τῷ
2196 3125 2366 3205 γένει
2401 3116 2762 3205 διεμάχετο,

559 3222 675 3288 sed
733 3222 894 3288 illud
949 3227 1223 3309 positum
1281 3225 1477 3291 modo
1535 3230 1780 3291 censuit
1834 3245 1910 3290 ex
1964 3224 2212 3312 placitis
2262 3234 2760 3311 geometra-unu

558 3329 722 3413 ipse,
766 3325 941 3411 quod
985 3328 1092 3393 alii
1135 3342 1437 3416 punctum
1482 3341 1747 3406 vocant,
1803 3331 2182 3416 principium
2231 3325 2438 3393 lineae
2482 3325 2763 3413 appella-

557 3433 667 3508 vit,
711 3429 904 3516 idque
945 3442 1018 3496 ut
1061 3435 1312 3498 notioni
1352 3433 1561 3500 lineae
1595 3432 2006 3511 subsumeret,
2049 3430 2456 3496 insecabilem
2504 3452 2645 3495 esse
2689 3430 2764 3495 li-

556 3553 741 3597 neam
787 3553 981 3620 saepe
1026 3536 1374 3602 contendit.
1462 3539 1668 3623 Ipsius
1713 3538 1994 3602 Platonis
2052 3536 2267 3601 afferri
2321 3536 2623 3623 placitum
2677 3532 2761 3598 de

559 3636 891 3702 insecabili
934 3636 1134 3718 lines,
1176 3663 1340 3725 quse
1382 3643 1465 3706 sit
1502 3643 1879 3727 principium
1924 3639 2149 3717 lineae,
2194 3660 2317 3704 nec
2357 3658 2542 3717 vero,
2586 3635 2763 3723 quod

557 3738 763 3805 voluit
817 3739 1104 3807 Zellerus
1162 3742 1320 3809 Plat.
1376 3744 1561 3809 stud.
1608 3769 1670 3830 p.
1708 3745 1859 3809 238.
1906 3765 1970 3809 n.
2012 3745 2084 3822 3,
2142 3742 2439 3808 concludi
2495 3752 2766 3806 tantum

558 3843 755 3909 modo
802 3844 882 3908 eb
927 3845 1275 3911 Aristotele
1332 3847 1413 3911 ad
1470 3847 1874 3914 refutandum
1918 3847 2280 3923 Platonem,
2338 3866 2503 3930 quae
2545 3865 2766 3909 neees-

559 3948 728 4010 sario
778 3968 853 4011 ex
898 3950 1036 4013 eius
1082 3948 1370 4014 doctrine
1411 3961 1773 4035 sequantur,
1819 3972 1894 4015 ex
1936 3951 2149 4015 verbis
2193 3944 2508 4022 πολλάκις
2550 3948 2767 4012 ἐτίθει

560 4059 843 4136 apparet,
872 4050 951 4114 cf.
983 4053 1255 4118 Brendis
1286 4053 1520 4119 Gesch.
1551 4054 1628 4118 11.
1661 4077 1726 4140 p.
1748 4056 2010 4130 313xs3
2056 4064 2122 4118 et
2148 4056 2215 4118 in
2242 4051 2477 4117 scholis
2508 4048 2763 4135 quidem

560 4174 597 4218 a
641 4150 913 4218 Platone
957 4159 1349 4242 propositam
1397 4179 1536 4222 esse
1582 4158 1748 4222 banc
1788 4159 2195 4233 sententiam,
2238 4177 2424 4241 quem
2468 4157 2535 4218 in
2586 4153 2765 4218 libris

561 4254 907 4322 Platonicis
952 4258 1181 4323 trustra
1228 4263 1600 4345 quaerimus,
1644 4282 1721 4325 ex
1764 4259 1987 4326 iisdem
2032 4258 2243 4324 verbis
2287 4253 2604 4333 πολλάκις
2636 4258 2767 4322 ἐτί-

563 4360 695 4437 θει,
738 4365 1081 4447 praecipue
1127 4385 1164 4428 e
1209 4375 1497 4449 tempore
1542 4364 1933 4450 imperfecto,
1975 4385 2128 4427 vere
2171 4362 2422 4450 colligit
2460 4360 2765 4426 Trendel.

563 4461 647 4529 de
689 4463 852 4530 ideis
897 4488 960 4550 p.
995 4469 1104 4532 66.
1195 4468 1500 4534 Proximis
1561 4466 1811 4534 demum
1856 4466 2066 4532 verbis
2108 4465 2389 4532 refutare
2433 4463 2768 4532 Platonem
