3109 5175
1153 400 1255 470 M
1297 394 1370 471 8.
1453 394 1721 473 108411.
2397 398 2546 473 557

334 574 380 639 ii
424 591 559 638 non
603 581 877 659 possunt
902 591 1217 653 recusare,
1260 577 1601 661 quominus
1631 583 1986 662 quaeratur,
2030 575 2403 642 infinitosne
2435 597 2545 642 ve·

335 676 456 742 lint
502 698 642 742 esse
687 697 986 744 numeros
1032 700 1115 743 an
1161 690 1337 745 certo
1384 678 1660 765 quodam
1704 678 1902 744 modo
1946 678 2186 758 finitos,
2225 681 2375 746 ⁶37.

466 785 550 862 a)
597 782 805 846 1084a
834 782 1100 847 2--1o.
1189 784 1283 848 Ac
1326 787 1594 870 primum
1641 782 1896 870 quidem
1940 783 2174 849 infiniti
2217 805 2353 849 non
2397 803 2546 869 pos-

332 895 482 950 sunt
523 905 665 949 esse
710 888 986 961 numeri;
1042 884 1328 951 infinitus
1386 891 1551 952 enim
1610 908 1909 953 numerus
1954 909 2077 953 nec
2121 908 2237 974 par
2283 898 2379 952 est
2421 908 2547 952 nec

331 990 562 1074 impar,
620 991 982 1076 quicunque
1037 1002 1246 1055 autem
1302 1012 1601 1056 numerus
1651 990 1968 1078 prodierit
2011 1014 2087 1057 ex
2131 993 2459 1077 principiis
2504 1012 2544 1056 a

330 1091 603 1159 Platone
647 1096 907 1180 positis,
962 1117 1104 1160 eum
1165 1105 1275 1160 aut
1323 1117 1539 1182 parem
1588 1106 1700 1159 aut
1743 1097 2042 1182 imparem
2089 1097 2392 1160 exsistere
2433 1116 2545 1160 ne-

333 1218 513 1262 cesse
544 1207 671 1274 est3
718 1197 967 1264 aceedit
1010 1200 1184 1286 quod
1229 1221 1532 1265 numerus
1577 1198 1866 1264 infinitus
1909 1219 2046 1265 non
2092 1209 2309 1285 potest
2346 1197 2544 1264 ullius

332 1303 427 1365 rei
476 1321 614 1365 esse
659 1299 822 1381 idea,
866 1323 1074 1387 neque
1121 1325 1194 1368 ex
1238 1304 1377 1390 ipsa
1414 1303 1600 1368 ideae
1635 1314 1864 1368 natura
1911 1295 2120 1381 (κατὰ
2155 1297 2359 1386 λόγον
2392 1305 2544 1385 ⁸9),

334 1407 574 1490 quippe
619 1427 782 1490 quae
826 1405 1094 1471 formale
1138 1410 1223 1472 sit
1266 1428 1342 1470 ac
1384 1405 1702 1472 definiens
1745 1429 1954 1473 rerum
1991 1408 2389 1493 principium,
2432 1425 2544 1470 ne-

334 1530 459 1593 que
506 1530 582 1574 ex
625 1507 876 1596 placitis
922 1509 1397 1576 Platonicorum
1443 1506 1656 1590 (κατοὶ
1699 1504 1820 1590 τὴν
1866 1511 2064 1575 θέσιν
2103 1514 2254 1591 ⁰9).
2302 1547 2391 1559 —-
2449 1511 2544 1575 Ut

334 1632 558 1677 omnes
602 1632 900 1678 numeros
946 1613 1051 1679 vel
1094 1635 1282 1701 pares
1326 1612 1431 1678 vel
1475 1617 1750 1699 impares
1796 1611 2073 1677 evadere
2128 1612 2544 1692 demonstret,

332 1719 454 1781 tria
498 1715 834 1804 distinguit
875 1720 1311 1806 generationis
1356 1737 1616 1804 genera.
1691 1717 1761 1781 Si
1806 1718 2012 1781 unitas
2056 1714 2280 1780 incidit
2318 1719 2385 1780 in
2428 1737 2544 1781 nu-

331 1842 570 1886 merum
615 1842 860 1907 parem,
917 1823 959 1885 i.
997 1842 1053 1886 e.
1099 1823 1153 1884 si
1199 1823 1407 1886 unitas
1451 1820 1708 1886 additur
1751 1840 2022 1885 numero
2076 1824 2244 1906 pari,
2303 1822 2544 1885 exsistit

332 1946 633 1990 numerus
668 1928 889 2011 impar,
924 1926 1046 2000 a6;
1092 1927 1191 1989 sin
1224 1924 1387 2012 dyas
1416 1925 1642 1991 incidit
1673 1929 1738 1989 in
1767 1943 2097 1989 numerum
2127 1945 2363 2010 parem,
2409 1927 2448 1987 i.
2482 1943 2540 1988 e.

332 2032 385 2093 si
432 2027 649 2114 dyade
691 2028 1147 2116 multiplicatur
1188 2051 1487 2095 numerus
1532 2051 1667 2116 par,
1721 2030 1962 2092 exsistit
2005 2024 2042 2092 ὁ
2088 2023 2213 2115 ἀφ’
2250 2021 2399 2101 ἑνὸς
2443 2026 2542 2091 δι·-

328 2129 870 2218 πλασιαζόμενος.
941 2134 1033 2197 Ex
1064 2136 1213 2219 ipsis
1245 2134 1341 2198 his
1370 2132 1701 2198 vocabulis
1729 2129 2122 2218 intelligitur,
2164 2152 2296 2196 non
2328 2152 2542 2217 quem·

327 2234 492 2300 libet
533 2238 601 2299 in
645 2257 973 2303 numerum
1018 2258 1235 2324 parem
1278 2236 1562 2302 incidere
1609 2237 1717 2300 Ar.
1760 2234 2042 2300 voluisse
2085 2234 2391 2325 dyadenb
2421 2233 2542 2299 sed

328 2343 397 2404 in
442 2339 753 2406 eiusmodi
798 2362 1099 2407 numeros
1143 2361 1354 2428 pares,
1407 2344 1585 2420 cuius
1631 2339 1946 2428 simplices
1990 2339 2269 2404 factores
2315 2357 2540 2404 omnes

329 2447 457 2509 sint
497 2448 742 2511 numeri
784 2467 1000 2533 pares3
1054 2443 1515 2534 intelligendae
1557 2447 1754 2532 igitur
1795 2454 1946 2509 sunt
1989 2446 2335 2530 potentiae,
2381 2463 2540 2529 quas

329 2547 549 2615 dicunt
592 2550 1028 2629 mathematici,
1072 2553 1319 2618 numeri
1362 2548 1624 2626 binarii3
1670 2548 1751 2615 cf.
1786 2547 1963 2616 Alex.
1992 2571 2057 2636 p.
2091 2549 2238 2627 748,
2275 2549 2535 2615 7-15.

328 2654 628 2741 Denique
673 2658 728 2719 si
774 2654 988 2741 dyade
1032 2655 1487 2743 multiplicatur
1529 2674 1828 2719 numerus
1877 2657 2104 2739 impar,
2160 2651 2392 2737 reliqui
2437 2673 2540 2717 ex·-

328 2761 562 2823 sistunt
603 2761 848 2823 numeri
878 2778 1082 2844 pares,
1128 2762 1194 2825 οἱ
1238 2756 1728 2845 ἀρτιοπέρισσοι
1773 2778 1936 2844 quos
1965 2768 2157 2822 vocat
2187 2756 2363 2821 Alex.
2396 2754 2536 2832 1.l.;

328 2883 457 2948 quo
504 2861 757 2949 quidem
802 2865 1077 2942 nomine,
1122 2873 1194 2927 ut
1238 2861 1433 2949 plena
1475 2864 1562 2926 sit
1605 2863 1862 2947 partitio
1909 2872 1976 2926 et
2004 2882 2228 2926 omnes
2259 2859 2540 2946 comple—

327 2976 535 3031 ctatur
574 2987 902 3043 numeros,
949 2987 1083 3032 non
1128 2969 1174 3031 ii
1220 2966 1429 3031 solum
1473 2976 1626 3031 sunt
1668 2964 2069 3053 intelligendi
2113 2968 2374 3041 numeri,
2426 2967 2536 3049 qui

325 3069 522 3135 semel
567 3068 753 3134 divisi
795 3093 915 3158 per
958 3070 1234 3158 dyadem
1280 3070 1363 3136 ad
1409 3091 1740 3135 numerum
1782 3073 2082 3157 imparem
2139 3067 2538 3157 rediguntur,

326 3173 443 3240 sed
488 3195 710 3240 omnes
755 3178 1115 3262 quicunque
1158 3179 1227 3240 in
1273 3174 1589 3262 simplices
1635 3175 1913 3241 factores
1961 3174 2240 3241 distincti
2283 3180 2537 3260 praeter

323 3299 650 3343 numerum
668 3278 1004 3343 *binarium
1050 3282 1235 3344 etiam
1276 3282 1578 3367 imparem
1613 3302 1940 3346 numerum
1972 3283 2307 3345 continent
2345 3276 2451 3358 (h.
2475 3299 2532 3342 e.

323 3402 457 3447 non
502 3382 699 3447 modo
746 3383 963 3447 6=2
996 3430 1012 3446 .
1043 3383 1116 3460 3,
1163 3385 1421 3449 10=2
1452 3431 1468 3448 .
1500 3387 1569 3462 5,
1613 3383 1730 3449 sed
1774 3389 1962 3450 etiam
2008 3385 2269 3450 12==2
2301 3428 2317 3445 .
2349 3383 2393 3445 2
2425 3429 2441 3446 .
2471 3383 2536 3460 3,

435 3488 588 3550 :2
620 3511 639 3550 .·
667 3487 711 3550 2
743 3532 759 3549 .
792 3487 895 3567 5).
977 3485 1354 3552 Aristoteles
1406 3490 1559 3572 quin
1603 3490 1672 3552 in
1715 3486 1812 3552 his
1856 3488 2411 3575 Pythagoreorum
2467 3494 2536 3549 et

323 3589 801 3655 Platonicorum
846 3600 1101 3656 secutus
1144 3592 1228 3655 sit
1268 3592 1555 3678 vestigia,
1597 3612 1734 3655 non
1773 3601 1868 3656 est
1906 3590 2198 3665 dubium
2246 3601 2312 3653 at
2347 3587 2538 3654 simul

323 3715 510 3781 quam
557 3716 777 3780 parum
823 3694 1213 3760 arithmetice
1256 3693 1418 3758 haec
1452 3697 1581 3760 sint
1613 3693 1928 3781 disputata
1960 3705 2242 3783 apparet.
2275 3731 2358 3745 -
2394 3695 2534 3761 ⁸1ss

319 3793 633 3866 τάττουσι
677 3795 736 3864 δ’
776 3793 944 3864 οὕτω
1001 3793 1124 3876 τὰς
1178 3799 1357 3874 ἰδέας
1402 3796 1580 3863 Alex.
1634 3801 2087 3885 interpretatur
2129 3822 2192 3884 p.
2226 3799 2374 3877 748,
2410 3800 2530 3863 25:

320 3906 510 3989 μέχρι
561 3895 691 3989 γὰρ
744 3898 1020 3979 δεκάδος
1065 3899 1292 3979 αὐτοῖς
1336 3897 1379 3982 ἡ
1422 3904 1555 3968 τῶν
1601 3902 1789 3969 εἰδῶν
1832 3900 2135 3988 πρόοδος.
2225 3900 2534 3968 Probabi-

319 4004 401 4070 lis
445 4005 554 4071 illa
600 4005 854 4093 quidem
896 4007 1371 4094 interpretatio,
1427 4005 1545 4072 sed
1602 4009 1743 4094 ipsa
1796 4006 1994 4074 verba
2039 4005 2377 4073 admodum
2423 4027 2532 4072 ne-

320 4108 646 4198 gligenter
690 4120 754 4175 et
798 4108 1071 4176 obscure
1116 4114 1371 4199 scripta.
1971 4100 1980 4109 ⁸

453 4212 531 4293 b)
580 4215 790 4281 1084·
816 4216 1114 4280 10-02
1186 4217 1258 4282 Si
1299 4235 1461 4282 vero
1507 4237 1710 4303 usque
1755 4216 1838 4283 ad
1883 4228 2122 4285 certum
2150 4216 2344 4282 finem
2379 4236 2530 4280 con·

319 4318 550 4382 tinuari
593 4317 824 4384 volunt
860 4338 1158 4384 numeros
1194 4319 1456 4401 ideales,
1501 4340 1637 4388 non
1674 4322 1802 4387 hoc
1834 4322 2027 4388 modo
2059 4318 2530 4387 ostendendum

320 4429 436 4500 est,
480 4443 668 4508 quem
710 4421 906 4489 finem
954 4425 1359 4504 constituant,
1404 4424 1521 4491 sed
1568 4429 1755 4491 etiam
1803 4449 1916 4492 cur
1946 4431 2013 4491 in
2046 4446 2126 4490 eo
2159 4425 2526 4489 consistant.
2649 4476 2660 4485 χ

316 4526 449 4592 Iam
477 4525 665 4594 Plato
710 4535 777 4593 et
818 4525 1002 4617 multi
1047 4549 1085 4595 e
1113 4526 1463 4596 Platonicis
1502 4533 1578 4596 in
1617 4528 1862 4598 decade
1887 4528 2232 4597 finiendam
2263 4548 2528 4595 censue·-
