3109 5175
556 343 702 423 508
1379 350 1459 421 A
1507 344 1579 420 s.
1659 343 1927 419 107311.
1958 447 1979 458 ρ

556 522 805 591 zodiaci
847 520 1036 611 polus
1081 520 1170 587 ihi
1214 525 1297 588 sit
1338 524 1617 610 positus,
1660 520 1771 586 ubi
1813 520 2034 585 harum
2079 519 2487 608 sphaerarum
2531 539 2762 605 aequa-

557 637 731 693 tores
772 630 939 692 inter
981 647 1052 691 se
1095 630 1450 706 secantur).
1540 624 1786 710 Quarta
1844 623 2123 710 denique
2177 623 2444 711 sphaera
2500 625 2595 687 sic
2648 620 2761 687 de·

557 730 870 808 scribitur,
906 731 1061 794 ⁶29:
1107 730 1226 810 τῆς
1260 729 1329 794 δὲ
1362 725 1679 817 τετάρτης
1716 725 1840 808 τὴν
1871 720 2095 816 φορὰν
2125 725 2297 792 κατὰ
2329 719 2449 791 τὸν
2481 721 2760 804 λελοξω-

555 836 757 919 μένον
789 828 955 920 πρὸς
986 828 1105 898 τὸν
1137 838 1343 917 μέσον
1387 835 1541 912 (int.
1570 825 1845 912 κύκλον)
1889 823 2136 909 ταύτης
2176 831 2257 908 (i.
2291 850 2346 893 e.
2383 830 2502 908 τῆς
2536 830 2761 916 τρίτης

558 938 911 1027 σφαίρας).
980 937 1209 1011 Meo-09
1243 931 1475 1012 κύκλος
1511 933 1818 1020 sphaerae
1856 935 2021 998 circa
2058 941 2342 997 centrum
2377 942 2590 996 motae
2625 951 2759 996 non

556 1049 772 1126 potest
812 1038 974 1104 alius
1018 1041 1235 1103 vocari
1280 1041 1404 1103 nisi
1438 1048 1771 1123 aequator;
1817 1035 2099 1100 volvitur
2131 1038 2325 1123 igitur
2362 1047 2586 1121 quarta
2623 1032 2762 1121 pla-

551 1153 747 1210 netae
782 1145 1087 1228 cuiusque
1123 1143 1388 1229 sphaera
1424 1145 1530 1219 ita,
1575 1150 1647 1205 ut
1680 1143 1816 1205 eius
1851 1152 2160 1226 aequator
2195 1149 2602 1225 aequatorem
2637 1148 2762 1203 ter-

559 1248 685 1310 tiae
730 1246 1035 1332 sphaerae
1081 1244 1342 1332 oblique
1386 1253 1588 1322 secet5
1647 1241 1994 1329 eademque
2040 1242 2393 1308 intercedat
2434 1246 2505 1308 in
2546 1246 2762 1331 singu·

558 1346 638 1412 lis
692 1348 965 1433 planetis
1019 1352 1187 1413 inter
1241 1357 1524 1434 quartam
1575 1367 1652 1410 ac
1696 1350 1943 1412 tertiam
1988 1339 2316 1432 sphaefam
2362 1348 2526 1410 ratio
2569 1356 2762 1432 atque

558 1453 626 1515 in
670 1449 810 1514 sole
854 1473 932 1515 ac
971 1451 1123 1516 luna
1168 1455 1336 1516 inter
1379 1455 1626 1515 tertiam
1674 1472 1750 1514 ac
1790 1448 2153 1515 secundam.
2229 1449 2533 1517 Ceterum
2570 1470 2761 1535 quum

560 1556 785 1619 tertiae
839 1554 1147 1640 sphaerae
1203 1576 1278 1643 ea
1330 1554 1526 1622 modo
1574 1553 1674 1619 lex
1722 1551 2036 1639 descripta
2081 1556 2192 1632 sit,
2249 1562 2321 1618 ut
2362 1537 2500 1640 poli
2543 1555 2611 1617 in
2654 1572 2764 1616 zo-

561 1655 747 1722 diaco
792 1660 895 1722 siti
937 1660 1090 1736 sint,
1146 1660 1213 1722 in
1272 1679 1353 1724 eo
1404 1666 1613 1723 autem
1660 1656 1905 1721 infinita
1950 1668 2188 1743 puncta
2231 1643 2471 1745 pariter
2511 1656 2764 1742 possint

559 1759 731 1846 polis
785 1759 996 1825 locum
1054 1758 1233 1838 dare,
1293 1759 1597 1825 Eudoxus
1655 1761 1873 1824 statuit
1924 1759 2118 1847 polos
2174 1763 2401 1826 tertiae
2456 1759 2763 1845 sphaerae

560 1866 839 1929 Veneris
895 1866 960 1928 in
1021 1861 1243 1928 eadem
1288 1863 1572 1929 incidere
1615 1861 1863 1928 zodiaci
1907 1874 2142 1951 puncta
2186 1885 2263 1928 ac
2305 1864 2638 1938 Mercurii3
2695 1863 2762 1925 iu

562 1971 790 2034 ceteris
833 1978 1043 2032 autem
1087 1965 1359 2053 planetis
1403 1988 1557 2033 suos
1599 1986 1739 2032 esse
1776 1970 2002 2032 tertiae
2037 1970 2266 2052 cuique
2302 1967 2611 2053 sphaerae
2647 1984 2766 2052 po·

483 2060 491 2068 ⁶
560 2070 681 2137 los.
716 2109 797 2122 —
844 2072 961 2136 His
1005 2079 1216 2135 autem
1260 2070 1545 2156 sphaeris
1593 2068 1928 2157 Callippus
1972 2070 2254 2135 nondum
2298 2070 2418 2135 sihi
2457 2072 2631 2134 visus
2668 2077 2767 2132 est

564 2196 668 2255 ea,
730 2196 892 2260 quae
947 2177 1015 2238 in
1071 2172 1368 2238 siderum.
1400 2184 1579 2239 motu
1623 2172 2175 2240 animadvertimus
2221 2168 2346 2256 (τὰ
2390 2166 2764 2262 φαινόμενα

562 2279 727 2358 b36)
770 2277 965 2364 plene
1013 2275 1326 2363 explicare
1358 2298 1569 2364 posse,
1615 2275 1730 2341 sed
1768 2275 2092 2343 addendas
2132 2300 2274 2343 esse
2310 2277 2432 2342 soli
2471 2286 2536 2341 et
2571 2274 2763 2340 lunae

562 2380 747 2454 binas
804 2383 1056 2465 utrique
1111 2379 1410 2465 sphaeras
1428 2364 1480 2461 ’(
1493 2376 1611 2445 δύο
1652 2381 1808 2459 1236,
1864 2385 1908 2448 i.
1942 2404 1995 2447 e.
2042 2378 2160 2446 δύο
2205 2385 2516 2466 ἑκατέρῳ,
2572 2390 2645 2443 ut
2689 2399 2766 2444 ex

563 2485 865 2569 proximis
906 2481 1123 2547 verbis
1166 2486 1502 2569 apparet),
1559 2486 1788 2549 ceteris
1838 2484 2104 2573 singulis
2142 2483 2455 2573 singulas,
2513 2493 2768 2570 praeter

565 2587 903 2652 Saturnum
962 2595 1026 2652 et
1081 2587 1330 2666 Iovem,
1386 2589 1614 2674 quihus
1673 2588 1881 2655 nullas
1939 2592 2201 2656 omnino
2260 2588 2508 2654 adiecit.
2606 2585 2766 2652 Inde

562 2690 724 2756 haec
765 2692 1009 2756 exsistit
1052 2695 1472 2777 computatio:

1157 2865 1399 2919 Eudoxus
1433 2868 1609 2919 tribuit
1682 2918 1936 2988 Gamppm
1971 2917 2161 2970 “uidit
2338 2933 2398 2969 ut
2428 2917 2552 2969 snm

1366 2974 1421 3006 ae

866 3035 1147 3101 Saturno
1364 3038 1407 3101 4
1894 3037 1940 3101 0
2426 3037 2469 3100 4

864 3138 1006 3202 Iovi
1360 3140 1401 3203 4
1892 3140 1936 3202 θ
2426 3139 2469 3203 4

867 3240 1062 3304 Marti
1361 3241 1404 3304 4
1896 3244 1933 3307 l
2426 3243 2468 3306 5

866 3344 1111 3408 Veneri
1360 3347 1403 3410 4
1896 3348 1933 3411 l
2429 3347 2469 3410 5

868 3447 1198 3513 Mercurio'
1363 3447 1407 3513 4
1898 3451 1935 3514 l
2429 3450 2469 3513 5

868 3550 1010 3617 Soli
1362 3553 1405 3617 3
1421 3562 1428 3570 ’
1895 3553 1938 3616 2
2430 3553 2472 3616 5

870 3656 1093 3720 Lunae
1363 3656 1407 3720 3
1897 3655 1941 3717 2
2430 3656 2470 3719 5

1320 3777 1409 3841 26
1901 3777 1938 3841 7
2387 3775 2475 3839 33

704 3900 1075 3988 (Descripsi
1121 3901 1286 3966 hanc
1329 3900 1611 3968 tabulam
1658 3923 1735 3967 ex
1777 3901 1945 3967 libro
1991 3899 2034 3966 l.
2079 3901 2353 3965 Krischii
2397 3924 2461 3988 p.
2490 3902 2682 3980 295.)

706 4033 837 4098 Sed
884 4056 968 4098 ne
1011 4038 1078 4099 in
1123 4036 1243 4101 hac
1287 4036 1539 4132 quidem
1586 4038 1994 4124 sphaerarum
2053 4034 2485 4123 descriptione
2530 4037 2780 4122 acquie-

576 4140 669 4204 sci
723 4157 921 4223 posse
977 4138 1354 4205 Aristoteles
1413 4152 1664 4220 censet,
1700 4143 1846 4208 ⁶38.
1934 4141 2245 4206 Nimirum
2301 4140 2614 4225 sphaerae
2668 4140 2781 4206 Sa·

577 4244 765 4320 turni,
809 4243 916 4327 qui
962 4251 1243 4308 extremo
1291 4242 1450 4310 orbe
1494 4244 1802 4326 volvitur,
1848 4267 1989 4311 eum
2036 4265 2221 4331 quem
2268 4248 2646 4311 coniunctae
2691 4224 2783 4309 ef-

576 4343 800 4411 ficiunt
852 4353 1094 4411 motum
1149 4347 1602 4436 propagabunt
1657 4347 1738 4413 ad
1795 4351 2141 4436 proximam
2198 4349 2373 4414 Iovis
2433 4350 2781 4437 sphaeram,

469 4436 480 4443 ’
575 4451 814 4536 pariter
873 4449 1184 4537 sphaerae
1237 4452 1410 4517 Iovis
1470 4450 1550 4517 ad
1611 4455 1959 4539 proximam
2016 4451 2242 4519 Martis
2305 4463 2371 4520 et
2431 4454 2782 4540 superioris
