3109 5175
616 369 761 446 442
1455 377 1499 444 Ι
1541 370 1611 445 7.
1696 368 1963 446 1057m

1472 600 1530 675 C
1547 600 1702 676 ΑΡ.
1766 598 1938 674 VII.

747 740 980 809 Media
1021 766 1190 830 quae
1231 744 1537 811 dicuntur
1581 739 1704 826 (τὰ
1746 738 2032 829 μεταξύ)
2075 743 2818 810 ammethmac

613 860 678 915 et
710 872 855 914 cum
885 850 1241 914 contrariis
1267 860 1418 914 sumt
1442 872 1706 934 gwere,
1748 850 1958 915 1057-
1984 849 2291 931 18-3o‚
2328 860 2393 915 et
2422 850 2820 934 interfum'toe

611 964 766 1019 cunt
805 955 979 1018 inter
1019 955 1356 1018 contu-aria
1397 988 1485 1001 —
1520 954 1630 1034 bl,
1673 963 1739 1017 et
1778 955 2139 1041 composita
2180 976 2263 1018 ex
2304 955 2471 1039 ipses
2512 952 2618 1019 laio
2658 972 2817 1019 oon-

611 1061 843 1125 was-iis
886 1095 975 1108 -
1013 1058 1162 1123 1234.

702 1218 706 1224 -
751 1180 960 1243 10571
1000 1180 1083 1242 19
1126 1172 1394 1242 πάντα
1444 1214 1522 1230 -
1570 1178 1658 1241 3⁰
1703 1173 1931 1241 εἶναι.
2006 1174 2204 1262 Quod
2241 1174 2509 1263 primum
2550 1186 2820 1240 conten-

611 1280 711 1346 ·dit
751 1280 957 1345 media
1002 1300 1253 1366 semper
1293 1285 1359 1345 in
1408 1281 1635 1346 eodem
1682 1302 1822 1346 esse
1866 1303 2106 1369 genere
2151 1293 2339 1366 atque
2384 1300 2486 1359 ea,
2542 1300 2819 1365 quoium

611 1395 765 1449 sunt
805 1383 1008 1450 media
1055 1384 1175 1465 (cf.
1213 1387 1277 1449 5.
1320 1387 1527 1451 1⁰5&
1561 1388 1648 1450 24
1668 1387 1907 1465 -1‘2),
1964 1408 2040 1451 ex
2086 1386 2355 1449 notione
2401 1394 2468 1448 et
2508 1383 2702 1449 medii
2744 1395 2821 1450 et

616 1492 981 1554 mutationis
1025 1488 1432 1553 demonstrat.
1525 1489 1739 1554 Medis
1787 1494 1952 1554 enim
2002 1511 2075 1555 ea
2123 1488 2415 1568 dicimus,
2472 1510 2594 1576 per
2650 1510 2821 1576 quae

611 1598 883 1659 transire
930 1604 1194 1680 oportet*
1229 1597 1596 1658 continuam
1643 1598 2071 1672 mutationem,
2112 1605 2448 1680 antequam
2490 1594 2571 1657 ed
2616 1604 2821 1661 extre-

613 1718 754 1762 mos
812 1718 964 1761 suos
1019 1702 1218 1784 ipsius
1278 1702 1645 1784 pervenerit
1685 1697 1851 1763 fines
1902 1698 2022 1779 (cf.
2066 1699 2259 1784 Phys.
2296 1698 2363 1760 V
2403 1700 2464 1763 3.
2509 1699 2671 1763 226⁶
2706 1700 2816 1763 23.

614 1804 846 1866 Waltz
875 1803 1036 1889 Org.
1069 1805 1330 1882 12⁶2„
1377 1807 1544 1887 atqui
1593 1806 1798 1866 omnis
1841 1805 2109 1867 mutatio
2152 1805 2219 1865 in
2262 1802 2492 1866 eodem
2528 1812 2823 1866 versatur

613 1926 821 1970 rerum
867 1928 1106 1995 genere
1149 1928 1271 1971 nec
1312 1916 1489 1993 patet
1533 1906 1614 1971 ad
1659 1905 1831 1971 aliud
1877 1926 2081 1993 genus
2120 1910 2450 1981 transitum
2494 1924 2654 1994 erg-o
2692 1926 2823 1972 me-

611 2009 720 2074 dia
762 2014 830 2075 in
877 2010 1105 2076 eodem
1151 2023 1217 2076 et
1259 2014 1427 2076 inter
1468 2033 1538 2076 se
1582 2025 1649 2076 et
1692 2030 1831 2076 cum
1879 2009 2134 2077 duobus
2164 2013 2499 2077 contrariis
2530 2021 2681 2076 sunt
2709 2034 2822 2099 ge-

613 2134 786 2180 nere.
838 2150 919 2166 --
979 2115 1488 2200 Propositionem
1535 2119 1836 2180 maiorem
1882 2114 2067 2180 huius
2109 2113 2468 2203 syllogismi
2513 2115 2820 2202 exemplis

613 2222 768 2283 satis
813 2222 1163 2305 perspicuis
1200 2219 1500 2295 illustrat;
1544 2210 1851 2283 minorem
1892 2222 2398 2305 propositionem
2438 2238 2821 2285 comemo-

618 2335 755 2387 rata
802 2322 1067 2408 quadam
1113 2322 1274 2411 legis
1323 2325 1695 2409 exceptione
1742 2335 1963 2388 contra
2007 2322 2403 2387 adversarios
2452 2328 2819 2390 communit.

618 2420 769 2491 Non
816 2436 1056 2511 potest,
1115 2430 1343 2512 inquit,
1403 2430 1667 2492 mutatio
1712 2448 1853 2492 esse
1898 2448 1973 2491 ex
2020 2426 2222 2491 altero
2266 2444 2509 2514 genere
2551 2431 2617 2492 in
2663 2428 2821 2493 alte-

617 2550 753 2595 rum
799 2526 946 2595 dm:
983 2524 1029 2610 ἢ
1071 2526 1242 2596 κατὰ
1288 2526 1731 2616 συμβεβηκός,
1776 2528 1920 2596 οἷον
1963 2535 2032 2594 ἐκ
2070 2527 2418 2617 χρώματος
2463 2536 2550 2609 εἰς
2596 2535 2821 2619 σχῆμα

615 2639 767 2713 ⁸27,
813 2636 871 2700 h.
907 2659 960 2700 e.
1005 2645 1224 2722 potest
1267 2651 1421 2700 sane
1466 2634 1675 2701 album
1713 2635 2032 2723 quidpiam
2063 2639 2287 2700 mutari
2317 2638 2382 2700 in
2414 2635 2678 2725 globum
2711 2638 2819 2703 vel

620 2740 874 2817 cubum,
933 2740 1044 2804 sed
1105 2759 1236 2804 non
1296 2751 1606 2826 quatenns
1656 2753 1751 2806 est
1793 2733 2008 2805 album'
2048 2751 2498 2805 transmutatur
2540 2744 2608 2804 in
2654 2742 2823 2805 hanc

615 2844 883 2931 figuram
931 2848 1282 2931 (quatenus
1319 2849 1486 2909 enim
1523 2845 1736 2911 album
1775 2846 1906 2925 fuit,
1950 2837 2067 2908 vel
2093 2843 2361 2908 eundem
2401 2844 2681 2909 colorem
2722 2867 2819 2910 re-

618 2951 796 3027 tinet,
840 2947 947 3013 vel
992 2948 1181 3013 alium
1226 2948 1489 3028 induit),
1533 2950 1648 3014 sed
1692 2964 2001 3036 qnatenus
2046 2948 2167 3012 alis
2215 2957 2351 3012 erat
2392 2947 2600 3037 figura
2637 2972 2823 3035 prae-

617 3053 837 3118 ditum.

756 3157 1088 3221 10570-30
1131 3151 1343 3220 ἀλλὰ
1387 3151 1543 3239 μὴν
1588 3193 1669 3209 --
1714 3160 1793 3223 bl
1842 3158 2151 3240 μικροῦ.
2228 3154 2568 3222 Contraria
2608 3166 2819 3222 autem

623 3281 699 3325 ea
743 3270 1052 3346 oportere
1089 3279 1250 3337 esse,
1289 3263 1458 3325 inter
1489 3283 1649 3347 quse
1676 3261 1883 3327 media
1915 3260 2220 3347 quaedam
2253 3262 2668 3340 intercedant,
2710 3260 2824 3326 de-

619 3375 932 3429 monstrat
975 3364 1268 3451 explicita
1302 3364 1563 3430 uberius
1598 3369 1965 3432 mutationis
2000 3377 2220 3430 natura
2258 3377 2327 3429 et
2358 3370 2646 3449 notione.
2708 3367 2825 3432 Ni-

617 3473 844 3534 mirum
891 3472 1037 3556 quia
1081 3473 1344 3534 mutatio
1388 3473 1555 3534 inter
1601 3474 1899 3557 opposita
1927 3479 2216 3533 versatur
2244 3491 2510 3557 semper,
2555 3489 2823 3555 quorum

607 3593 701 3639 ex
753 3574 959 3640 altero
1018 3576 1318 3638 transitur
1371 3573 1438 3638 i'n
1499 3575 1792 3652 alterum,
1847 3572 2053 3638 media
2111 3586 2316 3639 autem
2372 3595 2507 3640 non
2550 3583 2828 3660 possunt

625 3681 886 3743 omnino
935 3699 1089 3755 esse,
1135 3679 1255 3743 nisi
1300 3682 1364 3742 iu
1412 3683 1763 3745 mutatione
1804 3679 2127 3756 continua,
2171 3678 2249 3742 cf.
2287 3680 2420 3743 ³21
2459 3699 2610 3765 sqq„
2650 3681 2826 3742 inter

625 3803 788 3870 quae
833 3785 1133 3869 opposita
1172 3795 1459 3849 versatur
1494 3790 1777 3860 mutatio,
1822 3786 1989 3847 inter
2033 3781 2253 3845 eadem
2297 3783 2695 3848 intercedere
2737 3777 2826 3847 τὰ

624 3884 871 3972 μεταξύ
914 3898 1191 3973 oportet.
1267 3885 1720 3974 oppositionis
1766 3899 1975 3953 autem
2021 3893 2291 3973 quatuor
2326 3907 2515 3972 quum
2554 3891 2680 3954 sint
2715 3907 2827 3975 ge-

627 4011 808 4069 nera,
867 3994 931 4055 in
989 4011 1119 4076 quo
1180 4009 1254 4054 ex
1304 3993 1402 4055 his
1445 3993 1793 4081 generibus
1836 4001 2128 4058 versetur
2158 3995 2433 4058 mutatio
2480 3993 2826 4077 quaeritur.

629 4099 724 4159 Ac
767 4098 1033 4180 primum
1080 4091 1333 4180 quidem
1380 4118 1542 4182 qnae
1584 4119 1704 4184 per
1734 4096 2298 4164 contradictionem
2332 4093 2627 4182 opposita
2656 4103 2828 4172 sunt,

626 4217 892 4287 prorsus
952 4198 1344 4264 excludenda
1400 4213 1549 4266 sunt
1607 4223 1682 4265 ex
1732 4202 1851 4264 hac
1894 4203 2298 4287 quaestione,
2354 4197 2663 4285 siquidem
2709 4218 2830 4284 por

569 4311 582 4327 ⁶
627 4325 802 4368 suam
843 4313 1128 4368 naturam
1165 4303 1353 4367 medii
1385 4304 1543 4368 nihil
1575 4303 1937 4381 admittunt3
1984 4323 2104 4368 nec
2132 4302 2359 4369 relatio
2388 4305 2654 4389 proprie
2684 4321 2826 4366 esse

628 4418 846 4494 potest
890 4429 964 4471 ea
1010 4405 1356 4493 oppositio,
1401 4411 1466 4472 in
1510 4429 1633 4494 qua
1669 4412 1937 4473 mutatio
1963 4407 2095 4486 fiat,
2141 4411 2285 4494 quia
2316 4407 2579 4473 relativa
2608 4409 2827 4471 sinon

632 4516 871 4598 omnia,
926 4522 992 4576 at
1047 4511 1398 4577 nonnullae
1456 4525 1627 4578 certe
1675 4534 1894 4579 eorum
1940 4515 2183 4598 species
2231 4534 2305 4578 ex
2352 4511 2616 4578 diversis
2662 4513 2828 4575 inter
