3109 5175
592 361 735 439 178
1428 363 1505 434 Γ
1541 358 1616 435 2.
1699 358 1967 436 1004ο.

587 541 922 629 putatione
957 537 1039 604 de
1075 539 1409 604 contrariis
1445 559 1520 602 ea
1555 535 1641 602 de
1671 558 1746 603 re
1776 537 2201 624 exposuimus.
2268 534 2556 601 Eandem
2593 534 2808 622 dispu-

591 648 898 710 tationem
932 642 1088 707 alibi
1122 642 1442 732 διαίρεσιν
1467 643 1601 707 τῶν
1630 643 1946 706 ἐναντίων
1980 639 2265 727 appellat
2294 639 2341 704 Ι
2370 643 2432 705 3.
2468 642 2677 706 105441
2700 641 2807 718 30,

591 770 670 813 ae
701 750 955 834 saepius
990 749 1056 812 iu
1088 747 1549 833 Metapbysicis
1579 748 1840 831 respicit
1868 744 1936 809 Γ
1956 748 2019 810 2.
2053 746 2257 811 10046
2280 747 2385 810 34.
2425 745 2473 810 Ι
2496 748 2558 809 4.
2597 746 2809 810 10551)

589 854 699 919 28.
744 852 814 917 Κ
846 854 907 917 3.
941 854 1154 917 1061α
1181 854 1285 916 15.
1356 852 1585 916 Fuisse
1628 860 1839 915 autem
1884 871 2022 914 eam
2069 848 2557 936 disputationem
2603 851 2670 913 in
2712 867 2810 912 se-

592 955 808 1022 eundo
847 954 1018 1020 libro
1058 954 1139 1021 de
1173 954 1354 1021 bono
1394 953 1758 1020 Alexander
1793 952 1876 1019 ad
1908 952 2199 1042 singulos
2235 953 2357 1017 hos
2391 951 2575 1017 locos
2609 950 2809 1017 modo

594 1060 893 1126 disertius
938 1058 1136 1124 modo
1175 1060 1376 1147 magis
1416 1062 1716 1124 universe
1753 1057 2199 1122 animadvertit
2233 1080 2296 1144 p.
2327 1058 2476 1136 206,
2505 1058 2612 1122 22.
2656 1056 2810 1134 218,

600 1168 701 1245 12,
737 1166 841 1229 15.
898 1165 1047 1243 588,
1080 1166 1144 1228 2.
1205 1165 1352 1241 616,
1386 1164 1449 1227 2.
1508 1164 1659 1241 669,
1691 1162 1798 1227 28.

729 1268 1012 1334 1004σ2
1054 1266 1194 1332 καὶ
1232 1252 1600 1331 τοσαῦτα
1639 1271 1842 1351 μέρη
1872 1301 1960 1315 -
1994 1268 2038 1331 9
2077 1271 2158 1332 ἐν
2196 1271 2376 1341 τοῖς
2408 1258 2811 1349 μαθήμα-

536 1373 543 1386 ’
598 1394 750 1441 σιν.
816 1373 995 1436 Haec
1026 1369 1224 1435 verba
1255 1367 1621 1435 Alexander
1653 1394 1716 1456 p.
1747 1370 1896 1449 207,
1926 1372 1988 1451 4,
2031 1381 2103 1436 ut
2136 1374 2241 1435 via
2279 1391 2355 1434 ac
2389 1369 2641 1433 ratione
2684 1366 2812 1431 dis-

597 1478 847 1566 putatio
884 1472 1212 1562 procedat,
1255 1473 1555 1560 ponenda
1602 1476 1818 1561 potius
1866 1493 2006 1540 esse
2050 1473 2390 1539 arbitratur
2424 1481 2576 1558 post
2617 1465 2702 1535 τὰ
2739 1471 2810 1535 δὲ

599 1580 741 1660 εἴδη
782 1581 917 1645 τῶν
960 1578 1148 1644 εἰδῶν
1196 1579 1398 1644 10031,
1420 1579 1526 1656 22,
1573 1579 1761 1664 eique
1806 1582 2149 1644 assentitur
2179 1577 2643 1665 Schweglerus,
2687 1577 2810 1639 nisi

601 1683 780 1772 quod
822 1684 983 1748 haee
1023 1682 1221 1747 verba
1267 1700 1401 1746 non
1444 1692 1597 1768 post
1640 1681 1830 1748 εἰδῶν
1875 1685 2033 1761 ⁶22,
2090 1681 2205 1747 sed
2261 1693 2412 1769 post
2454 1674 2811 1770 tdqunzd-

598 1807 820 1878 σοφον
855 1788 988 1851 δ19
1029 1785 1336 1873 ponenda
1381 1806 1524 1849 esse
1571 1788 1899 1851 existimat.
1988 1787 2074 1850 Et
2115 1784 2507 1874 Schwegleri
2554 1782 2809 1869 quidem

599 1894 1030 1956 coniecturam
1076 1889 1298 1955 falsam
1347 1910 1488 1954 esse
1531 1888 1720 1954 facile
1766 1892 1964 1954 cuivis
2010 1891 2361 1977 apparebit,
2413 1891 2522 1974 qui
2567 1891 2810 1974 quaesi-

596 1996 796 2072 verit,
850 1993 1178 2080 quomodo
1237 1993 1319 2057 ab
1374 1993 1473 2057 his
1517 1991 1732 2057 verbis
1775 1995 1888 2059 καὶ
1932 1996 2230 2060 τοσαῦτα
2272 2032 2364 2044 -
2404 1987 2839 2078 μαθήμασιν,

597 2096 838 2163 deinde
891 2100 1192 2163 transitus
1245 2097 1389 2162 fieri
1447 2094 1766 2184 putandus
1816 2099 1901 2161 sit
1944 2097 2022 2162 ad
2070 2100 2355 2185 proxima
2399 2092 2697 2172 ἅπαντος
2740 2095 2811 2161 δὲ

598 2205 828 2286 γένους
869 2203 1004 2266 κτλ.
1096 2200 1438 2267 Alexandri
1496 2210 1706 2265 autem
1760 2206 2071 2266 sententia
2120 2221 2490 2288 quamquam
2536 2203 2809 2286 speciem

600 2303 916 2391 quandam
960 2303 1154 2369 habet
1193 2305 1509 2382 veritatis,
1568 2315 1779 2368 tamen
1836 2324 1911 2369 ea
1968 2308 2384 2390 transpositio
2429 2324 2552 2368 nec
2594 2325 2812 2369 neces-

597 2409 765 2473 saria
822 2416 921 2473 est
974 2429 1097 2473 nec
1141 2429 1303 2473 vero
1347 2408 1807 2473 sententiarum
1855 2408 2070 2474 ordini
2114 2407 2400 2495 prodest.
2488 2407 2811 2496 Vulgatus

599 2514 768 2577 enim
806 2511 972 2575 ordo
1016 2515 1256 2600 optime
1293 2511 1506 2576 habet.
1585 2511 1923 2597 Postquam
1963 2511 2118 2578 dixit
2152 2506 2328 2577 ὥσθ’
2364 2507 2495 2577 ὅσα
2530 2533 2651 2598 περ
2689 2512 2814 2575 τοῦ

597 2608 748 2693 ἑνὸς
801 2614 971 2696 εἴδη,
1026 2619 1324 2683 τοσαῦτα
1378 2618 1491 2682 καὶ
1543 2617 1665 2681 τοῦ
1709 2610 1901 2693 ὄντος
1944 2618 2152 2695 ἐστίν,
2205 2618 2580 2703 interposita
2630 2618 2811 2701 quasi

598 2740 717 2807 per
768 2721 1184 2806 parenthesin
1239 2721 1425 2787 huius
1483 2721 1842 2785 sententiae
1887 2718 2312 2806 explicatione
2357 2720 2522 2803 λέγω
2567 2716 2626 2783 δ’
2668 2715 2813 2784 οἷον

603 2858 687 2877 --
721 2825 1057 2905 ἐναντίω,
1101 2825 1368 2891 eandem
1413 2826 1919 2890 ratiocinationis
1963 2829 2127 2890 viam
2175 2822 2444 2909 amplius
2487 2824 2810 2909 persequi-

600 2938 708 2995 tur
751 2927 972 2994 dicens
1013 2930 1127 2994 καὶ
1168 2932 1464 2996 τοσαῦτα
1506 2930 1673 3013 μέρη
1719 2929 2128 3019 φιλοσοφίας
2169 2928 2305 2992 κτλ..
2372 2926 2627 3013 Quodsi
2669 2945 2808 2990 cum

601 3031 964 3097 Alexandro
1009 3032 1123 3097 has
1171 3032 1652 3096 enunciationes
1698 3052 1890 3117 supra
1935 3035 2351 3118 posuerimus,
2398 3052 2621 3119 parum
2663 3039 2810 3116 apte

599 3134 683 3201 de
723 3133 1015 3222 partibus
1061 3133 1510 3220 philosophiae
1559 3134 1933 3200 Aristoteles
1980 3133 2193 3199 dicere
2237 3134 2586 3213 videbitur,
2638 3144 2814 3199 ante-

599 3258 787 3324 quam
832 3259 956 3325 qua
999 3240 1267 3318 ratione,
1311 3236 1592 3304 adhibita
1637 3242 1895 3304 unitatis
1940 3241 2228 3318 notione,
2274 3237 2591 3304 dividatur
2625 3240 2810 3303 notio

600 3345 767 3407 entis
796 3344 1178 3429 exposuerit.
1204 3380 1286 3399 --
1319 3345 1413 3408 ⁸5
1446 3337 1721 3428 ὑπάρχει
1752 3335 1882 3432 γὰρ
1923 3337 2176 3421 εὐθὺς
2211 3346 2368 3427 γένη
2406 3345 2640 3427 ἔχοντα
2673 3342 2809 3406 κτλ.

542 3472 547 3491 ·
599 3444 882 3513 Similem
938 3468 1119 3514 usum
1166 3446 1453 3513 adverbii
1498 3441 1707 3524 εὐθύς
1749 3447 1828 3510 cf.
1876 3446 2019 3513 Cat.
2069 3444 2172 3512 12.
2224 3448 2345 3512 14α
2380 3448 2485 3512 32.
2548 3447 2668 3510 An.
2712 3466 2807 3531 pr.

599 3552 631 3616 1
670 3553 774 3617 16.
808 3553 936 3617 3⁶1·
959 3554 1021 3617 6.
1101 3553 1235 3617 Ens
1277 3563 1343 3618 et
1377 3572 1588 3629 uuum,
1632 3553 1736 3628 ait,
1778 3560 2005 3636 suapte
2041 3560 2284 3629 natura,
2327 3545 2549 3627 εὐθύς,
2592 3553 2660 3614 ἰιι
2700 3570 2810 3636 ge>

542 3661 548 3677 ²
597 3674 757 3720 nera
800 3653 1108 3742 quaedam
1160 3654 1543 3721 dividuntur.
1634 3654 1813 3717 Dicit
1868 3662 2076 3718 autem
2132 3658 2290 3738 γένη
2348 3657 2512 3720 entis
2568 3651 2808 3729 eadem,

541 3766 548 3775 ‘
598 3778 763 3844 quae
806 3768 996 3823 antea
1039 3758 1284 3824 dixerat
1327 3758 1467 3837 εἴδη
1515 3757 1717 3822 moab
1740 3757 1845 3835 22,
1874 3758 1981 3823 33.
2048 3759 2227 3823 Haec
2263 3761 2400 3823 sive
2437 3776 2677 3844 genera
2720 3755 2810 3820 di·-

597 3864 764 3926 xeris
819 3864 955 3926 sive
1013 3864 1264 3949 speeies
1322 3864 1485 3926 entis
1543 3880 1735 3945 quum
1792 3858 2102 3948 dig-nitate
2154 3865 2321 3928 inter
2367 3881 2439 3926 se
2489 3859 2809 3938 differant,

543 4038 551 4052 ι
598 3973 672 4028 ut
727 3973 1028 4028 aeternae
1079 3975 1146 4031 et
1191 3962 1551 4030 immobiles
1606 3961 2001 4030 substantiae
2050 3970 2298 4053 priores
2349 3970 2477 4031 sint
2532 3966 2808 4028 aeternis

600 4077 669 4133 et
708 4065 1056 4132 mobilibus
1103 4080 1253 4148 cet„
1309 4079 1524 4155 partes
1569 4066 2046 4155 philosophiae,
2105 4094 2179 4135 ex
2237 4070 2346 4135 illa
2407 4071 2570 4134 entis
2613 4069 2807 4153 parti-

598 4170 780 4236 tione
824 4173 1078 4257 petitae,
1123 4171 1396 4237 eundem
1439 4174 1607 4238 inter
1650 4193 1724 4238 se
1768 4172 2098 4240 habebunt
2140 4174 2446 4252 ordinem,
2491 4183 2562 4238 ut
2603 4174 2804 4260 prima

598 4270 1007 4361 philosophia
1053 4278 1233 4361 prior
1266 4278 1351 4341 sit
1380 4298 1457 4341 ae
1490 4279 1711 4363 potior
1748 4300 1934 4365 quam
1971 4276 2303 4366 disciplina
2340 4276 2624 4364 physica,
2666 4298 2807 4363 per-

598 4376 750 4442 inde
794 4389 984 4466 atque
1029 4382 1096 4444 in
1140 4379 1408 4447 mathesi
1452 4384 1723 4468 primum
1768 4394 1918 4448 sunt
1962 4380 2317 4460 tractanda,
2375 4402 2535 4468 quae
2595 4384 2805 4446 notio-

599 4482 700 4547 nis
742 4481 1143 4569 simplicitate
1177 4484 1438 4573 reliquis
1474 4485 1882 4553 antecellunt.
1931 4487 2010 4552 cf.
2043 4489 2109 4551 E
2136 4490 2194 4553 1.
2229 4485 2759 4552 umam—32.

732 4586 943 4653 loma
977 4588 1023 4654 9
1064 4590 1236 4656 ἐπεὶ
1286 4589 1369 4656 δὲ
1407 4593 1606 4677 μιᾶς
1651 4628 1734 4640 -
1780 4594 1870 4658 20
1913 4585 2389 4677 ἐπιστήμης.
2479 4588 2804 4676 Opposita
