3109 5175
585 359 725 436 172
1415 362 1491 433 Γ
1535 359 1600 434 l.
1683 357 1866 436 1003
1882 381 1950 434 ο.

575 560 712 606 non
767 537 850 604 ad
895 537 1522 605 circumscribendam
1570 560 1707 605 eam
1762 560 1924 618 rem,
1983 539 2163 602 cuius
2212 546 2595 623 quaerantur
2637 555 2780 601 cau-

578 666 720 721 sae3
778 667 966 731 quum
1012 666 1249 709 summa
1295 647 1759 732 investigentur
1800 644 2145 730 principia,
2204 663 2312 705 eas
2369 644 2584 727 quaeri
2636 662 2781 705 cau·

578 770 700 828 sas,
745 770 907 834 quae
951 769 1070 834 per
1114 769 1183 812 se
1227 750 1355 813 sint
1397 771 1629 815 causae
1666 769 1789 813 nec
1817 768 1932 834 per
1968 745 2281 811 accidens.
2350 748 2445 809 Ac
2484 743 2780 831 profecto

577 856 892 941 principia
936 851 1062 930 illa,
1107 855 1172 916 in
1220 852 1447 938 quibus
1484 851 1953 941 cognoscendis
1983 853 2179 938 prima
2208 847 2614 935 philosophia
2645 869 2783 912 ver-

577 966 767 1035 satur,
814 978 1034 1020 causas
1076 978 1195 1042 per
1238 978 1308 1021 se
1355 978 1497 1022 esse
1544 967 1835 1044 oportet;
1880 953 1995 1019 sed
2041 957 2336 1040 quoniam
2382 954 2525 1018 fieri
2568 962 2784 1038 potest

577 1071 651 1125 ut
694 1058 845 1145 quid
892 1082 1078 1125 causa
1125 1083 1241 1147 per
1283 1083 1354 1126 se
1398 1065 1495 1141 sit,
1539 1084 1662 1128 nec
1691 1071 1901 1125 tamen
1930 1072 2277 1146 propterea
2307 1061 2402 1123 rei
2431 1079 2550 1144 per
2581 1078 2651 1121 se
2680 1077 2784 1121 ex-

579 1168 859 1230 sistentis
905 1187 1092 1230 causa
1127 1202 1207 1215 —
1239 1165 1440 1231 veluti
1477 1187 1665 1231 causa
1695 1187 1814 1251 per
1841 1187 1913 1229 se
1945 1162 2074 1229 albi
2106 1162 2345 1229 coloris
2377 1173 2441 1227 et
2471 1160 2591 1226 alia
2623 1162 2787 1225 eins-

575 1268 754 1333 modi
804 1305 918 1346 -,
961 1278 1034 1333 ut
1076 1266 1143 1333 id
1186 1280 1407 1355 posset
1449 1269 1783 1358 colligere,
1826 1289 1956 1355 quo
2002 1268 2210 1334 tendit
2251 1267 2411 1332 haec
2454 1285 2786 1354 argumen-

578 1377 764 1451 tatio,
823 1371 1101 1437 debebat
1158 1374 1452 1459 profecto
1499 1372 1880 1439 Aristoteles
1933 1371 2146 1437 dicere
2189 1371 2329 1436 illas
2374 1392 2597 1436 causas
2643 1389 2785 1434 esse

579 1478 795 1553 αἰτίας
836 1472 1090 1567 φύσεώς
1124 1501 1301 1555 τινος
1343 1475 1508 1542 καθ’
1549 1473 1775 1574 αὑτήν,
1819 1497 1952 1541 non
1992 1472 2157 1540 καθ’
2198 1471 2423 1552 αὑτάς.
2496 1472 2627 1540 Sed
2660 1495 2786 1559 qua

577 1583 829 1646 ratione
873 1580 1000 1645 hoc
1042 1581 1192 1646 loco
1237 1581 1562 1671 vulgatam
1608 1580 1900 1659 defendi,
1955 1603 2032 1648 ex
2086 1579 2305 1645 eadem
2353 1577 2573 1667 paullo
2618 1577 2786 1643 infra

581 1685 660 1750 ab
704 1707 777 1750 ea
817 1684 1242 1750 recedendum
1286 1685 1575 1763 arbitror,
1620 1682 1875 1769 ἀνάγκη
1920 1686 2034 1750 καὶ
2064 1677 2150 1749 τοὶ
2186 1693 2475 1770 στοιχεῖα
2514 1682 2635 1748 τοῦ
2671 1676 2785 1747 ὄν-

578 1811 693 1865 τος
751 1785 916 1854 εἶναι
965 1783 1059 1872 μή
1103 1783 1273 1854 κατὰ
1318 1786 1749 1874 συμβεβηκός,
1795 1785 1943 1854 ἀλλ’
1982 1778 2022 1877 ᾗ
2068 1781 2252 1852 ὄντα.
2341 1788 2572 1873 Neque
2617 1787 2786 1850 enim

578 1893 645 1957 id
690 1895 899 1980 agitur
944 1904 1016 1957 ut
1061 1892 1401 1972 elementa,
1448 1915 1611 1979 quae
1655 1914 1774 1980 per
1817 1915 1887 1958 se
1935 1892 2246 1958 elementa
2292 1894 2435 1970 sint,
2481 1912 2786 1976 quaeran-

578 2008 682 2062 tur
723 2003 827 2076 (et
870 2019 952 2062 ne
991 1996 1058 2062 id
1090 1997 1341 2083 quidem
1372 1997 1798 2085 significasset
1825 1996 2251 2084 philosophus
2282 1994 2496 2060 verbis
2523 1985 2564 2087 ᾗ
2601 1988 2784 2074 ὄντα,

578 2101 693 2167 sed
753 2101 892 2166 aliis
953 2101 1266 2180 formulis,
1328 2100 1528 2166 veluti
1586 2092 1625 2192 ᾗ
1684 2113 2003 2188 στοιχεῖα,
2059 2093 2099 2192 ᾖ
2148 2104 2451 2178 τοιαῦτα,
2507 2090 2548 2190 ᾖ
2594 2094 2784 2178 αὐτά,

577 2202 743 2270 καθ’
782 2201 1009 2286 αὑτά),
1061 2205 1175 2270 sed
1221 2218 1291 2270 ut
1338 2210 1516 2283 entis,
1562 2216 1870 2290 quatenus
1918 2217 2016 2270 est
2058 2227 2187 2283 ens,
2233 2214 2615 2292 quaerantur
2658 2202 2786 2267 ele-

577 2319 807 2374 menta.
894 2309 1117 2394 Itaque
1161 2308 1562 2373 scribendum
1608 2313 1930 2394 suspicor,
1982 2299 2025 2397 ᾗ
2070 2303 2174 2385 ὅν,
2233 2331 2416 2395 quam
2464 2310 2787 2373 coniectu-

578 2435 711 2477 ram
757 2410 1115 2499 legentibus
1148 2413 1484 2498 probatum
1514 2415 1591 2476 iri
1631 2435 1824 2498 spero
1864 2416 1916 2477 si
1957 2411 2348 2478 contulerint
2380 2415 2544 2477 021:
2588 2405 2666 2477 τὸ
2706 2404 2786 2476 ὂν

579 2507 618 2609 ᾗ
666 2510 764 2596 ὅν,
797 2517 962 2580 1⁸24:
1007 2518 1126 2580 τοῦ
1172 2515 1364 2593 ὄντος
1406 2506 1447 2608 ᾗ
1489 2510 1585 2595 ὅν,
1621 2519 1781 2583 1⁸27:
1828 2512 2089 2608 φύσεώς
2131 2539 2308 2595 τινος
2350 2511 2518 2583 καθ’
2557 2512 2784 2595 αὑτήν,

580 2624 746 2687 031:
800 2623 919 2686 τοῦ
965 2614 1157 2698 ὄντος
1198 2610 1239 2711 ᾗ
1285 2616 1380 2686 ὅν.
1471 2623 1615 2686 Hoc
1661 2633 1868 2687 autern
1917 2621 2072 2687 dicit
2114 2621 2522 2687 Aristoteles:
2568 2624 2626 2685 si
2668 2624 2786 2710 igi-

577 2738 684 2792 tur
738 2724 1112 2813 physiologi
1167 2735 1446 2803 veteres,
1509 2748 1701 2812 quum
1761 2724 2073 2793 elementa
2130 2748 2339 2792 rerum
2391 2736 2786 2812 quaererent,

578 2853 652 2895 re
695 2853 844 2895 vera
892 2830 1020 2903 haS,
1065 2832 1131 2892 in
1177 2828 1404 2915 quibus
1450 2851 1621 2894 nunc
1663 2852 2002 2909 versamur,
2046 2853 2316 2896 summas
2355 2854 2430 2895 ac
2465 2832 2785 2917 principes

579 2957 803 3001 causas
860 2936 1308 3021 quaesiverunt
1363 2938 1692 3013 (nimirum
1750 2934 2017 3021 physica
2076 2933 2409 3021 disciplina
2463 2945 2593 2999 tum
2646 2937 2786 2999 uni-

580 3060 803 3104 versae
861 3061 935 3102 ac
989 3040 1228 3123 primae
1281 3042 1468 3102 etiam
1517 3036 1960 3123 philosophiae
2006 3037 2373 3126 dignitatem
2420 3038 2538 3103 sibi
2584 3037 2786 3103 vindi—

581 3141 796 3220 cabat,
849 3144 914 3207 3.
962 3143 1170 3207 loo5a
1204 3143 1361 3223 32>2
1419 3145 1607 3205 etiam
1658 3140 1765 3205 illa
1814 3141 2128 3206 elementa
2171 3164 2304 3207 non
2351 3145 2537 3209 unius
2582 3145 2788 3208 cuius-

582 3245 725 3310 dam
769 3267 980 3309 rerum
1026 3248 1308 3333 generis,
1363 3244 1564 3311 veluti
1610 3245 2028 3325 sensibilium,
2072 3246 2186 3312 sed
2233 3251 2422 3326 entis,
2474 3255 2784 3332 quatenus

583 3361 682 3415 est
728 3371 858 3428 ens,
907 3360 1164 3436 oportet
1208 3349 1522 3416 elementa
1566 3350 1780 3415 fuisse.
1854 3350 2129 3416 Perinde
2174 3354 2359 3417 etiam
2406 3349 2598 3415 nobis
2640 3370 2788 3436 pro·

581 3455 753 3520 secto
811 3457 1047 3541 primae
1103 3457 1302 3541 ipsius
1362 3457 1526 3519 entis
1573 3466 1722 3520 sunt
1766 3454 2169 3542 quaerendae
2214 3477 2460 3520 causae.
2510 3492 2592 3506 —-
2651 3457 2790 3519 Hac

583 3559 1007 3647 explicatione
1065 3558 1308 3623 solutas
1360 3558 1637 3624 arbitror
1681 3559 2075 3647 Schwegleri
2121 3558 2203 3623 de
2246 3558 2309 3623 h.
2355 3557 2398 3624 l.
2447 3558 2791 3624 dubitatio-

582 3686 700 3730 nes
745 3676 810 3728 et
856 3667 1271 3729 coniecturas.

719 3770 927 3834 1003ae
952 3768 1036 3832 21
1079 3768 1232 3833 τῶν
1271 3773 1354 3834 ἐν
1385 3770 1618 3851 μέρει
1654 3767 2151 3852 λεγομένων,
2189 3765 2268 3830 cf.
2304 3768 2454 3832 ΑΘ.
2486 3767 2649 3831 98θῦ
2678 3768 2787 3833 13:

583 3875 714 3938 τῶν
757 3877 829 3936 ἐν
870 3875 1052 3956 μέρει
1086 3893 1151 3934 τι
1187 3873 1552 3954 λεγομένων
1591 3871 1795 3934 εἱδῶν.
1862 3871 1931 3935 Γ
1948 3873 2011 3935 3.
2050 3872 2259 3934 1005a
2283 3873 2399 3937 29:
2444 3874 2576 3936 τῶν
2616 3865 2789 3936 κατὰ

584 3980 783 4061 μέρος
826 3969 1369 4040 ἐπισκοπούντων.
1459 3974 1745 4058 Utraque
1802 3973 2073 4039 formula
2132 3980 2204 4040 ἐν
2244 3979 2425 4063 μέρει
2468 3975 2570 4041 vel
2617 3974 2790 4041 κατὰ

584 4083 783 4163 μέρος
827 4076 1205 4165 particulare
1249 4076 1354 4140 vel
1398 4075 1725 4163 singulare
1757 4078 2088 4165 significat,
2134 4084 2500 4165 oppositum
2538 4084 2789 4145 univer-

586 4180 724 4264 sali,
767 4183 860 4265 τῷ
903 4176 1228 4259 καθόλου,
1271 4179 1349 4246 cf.
1388 4181 1456 4245 Γ
1481 4183 1539 4246 1.
1583 4182 1919 4246 1003424.
1963 4184 2026 4248 3.
2067 4185 2277 4250 1005a
2301 4187 2406 4250 32.
2440 4222 2520 4236 —
2559 4186 2791 4249 Waitz

587 4287 752 4374 Org.
798 4287 847 4350 1.
893 4308 956 4371 p.
986 4287 1139 4350 375.

723 4391 934 4455 1003a
955 4390 1044 4454 25
1090 4381 1178 4453 τὸ
1221 4386 1766 4475 συμβεβηκός,
1810 4393 1849 4455 i.
1883 4413 1937 4455 e.
1966 4384 2045 4454 τὸ
2074 4387 2371 4476 ὑπάρχον
2405 4390 2572 4458 καθ’
2610 4388 2794 4473 αὑτό,

590 4495 749 4561 ι22.
823 4495 893 4559 Ε
931 4497 990 4560 l.
1039 4495 1241 4560 1025&
1279 4496 1382 4573 12,
1427 4493 1506 4559 cf.
1551 4494 1634 4559 ad
1678 4497 1732 4560 Δ
1773 4496 1880 4560 30.
1929 4496 2138 4561 1025«
2172 4496 2279 4560 3⁰.
