3109 5175
548 357 693 434 556
1367 360 1474 431 Μ
1512 354 1585 431 8.
1670 351 1939 429 10831».

549 538 644 602 uti
686 532 896 602 soleat
937 537 1006 600 in
1052 531 1479 601 examinandis
1525 541 1592 597 et
1632 528 1985 598 refutandis
2027 529 2299 598 aliorum
2344 531 2625 621 placitis;
2681 533 2766 600 cf.

550 640 714 707 obs.
760 662 823 727 p.
859 640 1007 705 131.
1713 675 1718 683 -
2374 625 2404 656 ‘

685 836 769 918 1)
821 835 977 913 Qua
1016 837 1275 902 ratione
1316 837 1572 900 numeri
1609 832 2768 919 oriatur-samonem&

553 940 746 1027 quale
786 939 989 1005 Plato
1022 943 1265 1026 posuit,
1314 939 1515 1006 1083b
1547 937 1857 1004 23—36.

684 1058 872 1123 Plato
933 1059 1110 1146 quod
1169 1058 1497 1125 materiale
1554 1077 1963 1123 numerorum
2025 1053 2326 1120 idealium
2384 1057 2766 1141 principium

557 1182 698 1226 esse
745 1160 990 1227 dixerat
1029 1157 1109 1228 τὸ
1152 1168 1323 1248 μέγα
1364 1164 1480 1227 καὶ
1527 1156 1792 1247 μικρόν,
1850 1180 1989 1225 non
2046 1158 2178 1225 duo
2233 1157 2598 1247 significare
2649 1180 2771 1224 vo-

552 1264 764 1331 luerat
802 1267 1111 1352 principia
1156 1265 1402 1332 diversa
1450 1276 1518 1331 et
1561 1269 1847 1330 seiuncta
1892 1265 2060 1328 inter
2099 1285 2191 1342 se,
2233 1262 2351 1328 sed
2393 1284 2583 1328 unam
2620 1283 2772 1328 ean-

555 1367 825 1455 demque
882 1375 1365 1454 potentiam,
1423 1391 1589 1455 quae
1649 1378 1714 1433 et
1766 1367 2070 1456 augendo
2128 1377 2195 1434 et
2237 1367 2654 1434 diminuendo
2699 1371 2770 1433 in

554 1471 873 1538 infinitum
917 1470 1154 1538 idonea
1202 1486 1396 1551 esset,
1441 1471 1520 1537 cf.
1572 1471 1652 1536 ad
1690 1472 1762 1535 A
1793 1474 1856 1538 6.
1894 1474 2057 1538 987⁶
2090 1472 2196 1538 18.
2285 1474 2393 1537 Ar.
2435 1493 2595 1536 vero
2641 1471 2772 1537 hoe

555 1574 709 1642 loco
768 1580 835 1641 in
889 1578 1045 1662 ipsis
1100 1577 1314 1642 verbis
1374 1578 1623 1654 haeret,
1681 1597 1843 1663 quae
1902 1600 2093 1663 quum
2138 1576 2614 1666 ambiguitatem
2655 1575 2772 1641 ali-

557 1703 742 1767 quam
774 1682 1163 1758 contineant,
1192 1681 1343 1746 inde
1367 1682 1715 1747 Platonicis
1739 1685 2005 1768 negotia
2030 1680 2345 1747 facessere
2366 1680 2598 1762 studet,
2626 1702 2770 1767 per-

557 1793 855 1851 contatus
899 1794 1108 1850 utrum
1155 1807 1230 1851 ex
1272 1796 1549 1871 utroque
1594 1787 1915 1872 principio
1962 1807 2044 1852 an
2093 1807 2167 1850 ex
2209 1785 2417 1851 altero
2460 1795 2606 1851 utro
2643 1790 2769 1850 sin-

556 1888 747 1979 gulae
804 1908 1212 1955 numerorum
1266 1894 1544 1956 unitates
1589 1888 2112 1976 proficiscantun
2169 1900 2376 1958 utrum
2424 1892 2590 1955 enim
2634 1887 2772 1976 pla-

559 1996 764 2060 cuerit
795 1993 1159 2074 Piatonicis,
1200 1998 1269 2060 in
1305 2015 1509 2061 novas
1540 2014 1657 2058 eos
1687 1991 2098 2059 difficultates
2128 1992 2436 2079 implicari
2468 1992 2770 2060 ostendit.

557 2097 809 2162 Etenim
855 2101 907 2162 si
955 2096 1116 2164 alias
1163 2120 1237 2164 ex
1281 2120 1535 2187 magno,
1581 2097 1744 2162 aliae
1790 2121 1866 2164 ex
1897 2119 2098 2185 parvo
2133 2101 2408 2164 unitates
2445 2101 2773 2178 exsistunt,

558 2221 694 2267 non
740 2211 888 2266 sunt
931 2201 1215 2267 eiusdem
1259 2205 1504 2268 numeri
1550 2205 1825 2268 unitates
1871 2198 2263 2292 ὠδιιὲφοροι,
2317 2223 2528 2288 neque
2574 2202 2769 2289 expli-

562 2308 692 2370 cari
739 2315 982 2392 potest,
1044 2305 1215 2371 unde
1267 2305 1519 2370 tandem
1568 2309 1637 2370 iu
1682 2308 1962 2371 numeris
2007 2305 2347 2392 imparibus
2392 2305 2597 2370 media
2641 2305 2772 2385 illa,

562 2431 746 2497 quam
795 2409 1032 2490 dicunt,
1075 2413 1282 2475 unitas
1327 2409 1660 2496 prodierit,
1694 2411 2043 2475 1³25—3o.
2117 2410 2230 2476 sin
2275 2410 2603 2497 quaelibet
2633 2414 2773 2476 uni-

562 2525 659 2581 tas
692 2537 765 2580 ex
800 2527 1073 2604 utroque
1101 2512 1323 2603 prodit
1351 2515 1666 2601 principio
1697 2514 2166 2595 (ἰσασθέντων,
2203 2514 2285 2579 cf.
2314 2518 2373 2581 7.
2405 2516 2615 2581 lssssla
2635 2518 2772 2596 25),

490 2612 495 2619 ’
562 2620 736 2687 unde
768 2643 884 2687 eae
914 2623 1188 2686 unitates
1228 2617 1598 2684 coalescant
1640 2620 1706 2683 in
1751 2639 1974 2683 unam
2018 2631 2308 2685 naturam
2336 2619 2442 2685 vel
2473 2619 2627 2706 qnid
2656 2619 2774 2685 dif-

562 2724 773 2789 ferant
816 2723 899 2789 ab
943 2728 1083 2809 ipsa
1126 2725 1371 2788 unitate
1405 2722 1706 2810 explicari
1735 2726 1975 2809 nequit,
2009 2724 2362 2793 ban—32.
2435 2724 2773 2790 Praeterea

565 2827 649 2893 de
695 2850 769 2892 ea
814 2830 1084 2905 unitate,
1143 2848 1307 2914 quae
1362 2830 1630 2914 primum
1687 2830 1855 2891 inter
1912 2847 2212 2893 numeros
2267 2826 2480 2892 locum
2525 2827 2775 2896 obtinet

562 2953 686 2997 nec
729 2953 885 2997 vero
931 2935 1135 3019 ipsum
1184 2942 1280 2997 est
1315 2953 1719 2998 numerorum
1751 2934 2124 3018 principium
2158 2930 2440 3011 formale,
2485 2926 2650 2998 αὐτὸ
2695 2927 2773 2999 τὸ

565 3041 652 3115 ἓν,
687 3056 898 3101 novae
936 3040 1244 3101 exsistunt
1278 3036 1731 3102 dubitationes.
1808 3037 1985 3100 Haec
2018 3037 2184 3100 enim
2214 3038 2423 3101 unitas
2452 3059 2643 3124 quum
2676 3058 2774 3102 re-

564 3139 755 3226 liquis
800 3143 1078 3205 numeris
1122 3141 1304 3224 prior
1347 3143 1445 3217 sit,
1491 3139 1633 3204 idea
1681 3143 1861 3224 prior
1905 3136 2048 3204 idea
2094 3142 2229 3204 sive
2271 3139 2421 3206 idea
2462 3141 2649 3208 ideae
2684 3145 2777 3207 vi·

564 3245 758 3310 detur
800 3247 1118 3309 exsistere.
1197 3243 1291 3307 Ac
1335 3265 1525 3329 quum
1570 3245 1752 3329 prior
1785 3242 2045 3330 reliquis
2078 3246 2358 3310 numeris
2388 3249 2597 3310 unitas
2627 3267 2778 3332 pro-

566 3349 760 3415 dierit
796 3370 871 3413 ex
902 3348 1241 3433 principiis,
1284 3368 1359 3411 ex
1406 3347 1635 3432 quibus
1677 3346 1992 3434 prodierit
2032 3351 2373 3434 quaeritur.
2440 3352 2554 3431 (ἐκ
2595 3352 2777 3426 τίνος

568 3443 690 3519 οὖν
732 3454 958 3539 scripsi
997 3473 1139 3517 eum
1168 3449 1531 3517 Alexandro
1564 3474 1627 3537 p.
1655 3455 1801 3531 747,
1835 3454 1920 3516 10
1960 3471 2088 3539 pro
2131 3450 2396 3539 vulgato
2442 3457 2515 3519 ἐκ
2555 3476 2777 3521 revoc*

569 3556 708 3624 οὖν.
786 3556 864 3622 cf.
915 3557 1126 3622 10850
1162 3558 1232 3620 2:
1291 3559 1363 3620 ἐκ
1423 3556 1604 3630 τίνος
1662 3544 1782 3620 οὖν
1839 3551 2008 3634 αὕτη
2051 3552 2096 3635 ἡ
2141 3552 2376 3637 δυάςς)
2465 3558 2775 3622 Nimirum

572 3682 651 3726 ex
696 3659 1030 3725 indefinita
1075 3662 1290 3746 magni
1335 3669 1399 3724 et
1440 3660 1623 3746 parvi
1666 3656 1882 3743 dyade
1917 3680 2053 3725 non
2082 3671 2302 3746 potest
2329 3659 2663 3746 prodiisse,
2707 3671 2781 3725 ut

571 3786 739 3852 quae
783 3757 1092 3840 δυοποιός
1134 3765 1232 3843 sit,
1275 3783 1408 3828 non
1451 3756 1776 3838 ἐνοποιός.

704 3960 785 4040 2)
820 3960 995 4037 Quot
1016 3961 1150 4025 sint
1176 3957 1506 4029 statuendi
1528 3960 1787 4027 numa-i
1808 3956 2076 4039 maleo,
2094 3958 2298 4024 108312
2311 3958 2698 4027 36—1084b
2714 3958 2777 4024 2.

704 4077 775 4141 Si
820 4080 957 4162 quis
1006 4098 1303 4143 numeros
1352 4077 1704 4167 cogitando¹
1751 4086 1992 4144 tantum
2039 4078 2272 4143 confici
2316 4078 2595 4163 ideoque
2638 4076 2780 4142 sola

571 4184 862 4267 potentia
906 4202 1038 4245 non
1086 4192 1229 4247 actu
1274 4186 1577 4248 exsistere
1621 4193 1870 4261 censet,
1926 4202 2060 4246 non
2115 4193 2217 4247 est
2269 4205 2384 4249 cur
2427 4182 2512 4248 de
2556 4203 2780 4247 eorum

572 4283 974 4351 multitudine
1019 4306 1094 4348 ac
1135 4284 1267 4350 fine
1312 4285 1597 4361 laboret;
1655 4288 1790 4371 ipsa
1851 4289 2016 4351 enim
2067 4290 2355 4372 potentia
2401 4286 2782 4352 infititatem

572 4391 935 4455 necessario
992 4410 1202 4455 secum
1260 4388 1453 4455 habet
1506 4392 1927 4456 coniunctam.
2025 4391 2156 4478 Qui
2214 4401 2424 4457 autem
2477 4410 2784 4456 numeros

574 4504 888 4579 tamquam
935 4493 1314 4561 substantias
1358 4492 1653 4563 absolute
1697 4517 1774 4560 ae
1816 4517 1931 4581 per
1974 4516 2046 4561 se
2091 4499 2464 4563 exsistentes
2511 4504 2784 4582 ponunt,
