3109 5175
583 348 729 442 370
1417 348 1497 417 H
1537 344 1607 420 4.
1693 343 1959 419 104401.

587 526 839 590 Etenim
897 525 988 588 uti
1047 543 1346 589 numerus
1392 542 1467 587 ex
1511 532 1686 587 certa
1731 522 2039 587 unitatum
2084 518 2553 586 individuarum
2595 518 2805 585 multi·

587 626 826 705 tudine,
869 630 958 691 ita
1003 624 1297 692 definitio
1346 648 1420 691 ex
1461 628 1650 690 certis
1686 623 2064 711 quibusdam
2103 627 2289 704 notis,
2337 646 2502 710 quae
2534 622 2804 689 ulterius

586 730 787 798 dividi
818 742 1160 817 nequeunt,
1191 734 1626 817 componitur;
1663 750 1785 794 nec
1811 748 2112 794 numerus
2142 749 2267 793 nee
2297 726 2590 793 definitio
2624 748 2801 791 suam

586 845 800 901 servat
842 837 968 899 vim
1016 857 1090 899 ac
1131 846 1449 913 naturam,
1505 835 1560 899 si
1607 856 1727 920 qua
1772 832 1880 898 vel
1926 836 2133 897 unitas
2179 831 2283 896 vel
2330 841 2485 896 nota
2530 828 2807 895 addatur

588 949 699 1007 aut
743 940 1047 1004 dematur.
1141 939 1226 1004 Et
1281 959 1580 1004 numerus
1639 950 1705 1002 et
1762 936 2082 1013 definitio,
2139 957 2328 1021 quum
2389 956 2464 1000 ex
2514 932 2805 1020 pluribus

586 1045 877 1131 partibus
922 1052 1193 1121 constet,
1234 1045 1497 1127 requirit
1541 1041 1863 1128 quidpiam
1909 1061 2040 1128 quo
2087 1039 2168 1103 ad
2210 1042 2515 1104 unitatem
2556 1035 2802 1125 rediga-

591 1160 695 1213 tur
751 1149 902 1227 (καὶ
957 1142 1076 1210 τὸν
1131 1140 1437 1231 ἀριθμὸν
1494 1146 1594 1210 δεῖ
1650 1141 1819 1209 εἷναί
1876 1166 1940 1207 τι
1982 1134 2038 1226 ᾦ
2082 1140 2172 1220 εἷς
2213 1144 2335 1220 ⁶3,
2391 1164 2554 1230 quae
2609 1141 2807 1206 verba

591 1250 927 1316 manifesto
973 1259 1271 1334 corrupta
1317 1247 1541 1312 dubito
1589 1258 1798 1314 utrum
1853 1253 2069 1333 posito
2116 1269 2237 1333 pro
2281 1250 2644 1312 accusativo
2688 1237 2809 1310 τὸν

592 1349 896 1440 ἀριθμόν
926 1353 1143 1417 dativo
1175 1354 1267 1435 τῷ
1296 1347 1574 1437 ἀριθμῷ
1606 1349 2001 1417 emendanda
2032 1361 2265 1437 putem,
2297 1349 2556 1416 chobs.
2580 1372 2644 1435 p.
2662 1349 2809 1424 100,

593 1478 674 1521 an
711 1458 927 1543 potius
963 1464 1112 1542 post
1145 1478 1210 1519 τι
1245 1453 1550 1520 excidisse
1588 1454 1823 1542 aliquid
1862 1453 2129 1531 credam,
2173 1454 2372 1519 veluti
2407 1455 2599 1520 ἑνοῦν
2635 1453 2809 1532 καί),

593 1557 767 1646 quod
809 1569 879 1623 ut
913 1563 979 1623 in
1013 1568 1288 1645 utroque
1325 1557 1606 1625 eiusdem
1648 1570 1744 1624 est
1780 1562 2044 1626 rationis
2083 1560 2245 1639 (τοῦ
2278 1555 2488 1624 αὐτοῦ
2524 1550 2655 1642 γὰρ
2694 1551 2805 1620 λό-

592 1687 716 1747 γου
753 1666 905 1743 α7),
949 1666 1037 1727 ita
1082 1666 1149 1728 in
1195 1673 1426 1727 neutro
1467 1663 1780 1728 Platonici
1829 1662 2141 1749 explicare
2185 1656 2426 1741 valent,
2470 1661 2551 1725 cs.
2595 1666 2670 1727 A
2705 1662 2808 1725 10.

597 1768 802 1834 1075ὂ
825 1769 944 1842 34;
988 1787 1199 1853 neque
1240 1769 1408 1831 enim
1445 1778 1787 1853 propterea
1825 1770 2069 1833 numeri
2108 1770 2246 1832 sive
2284 1770 2603 1842 notiones,
2649 1783 2812 1850 quae

594 1882 860 1957 utraque
916 1869 1084 1935 idem
1146 1891 1286 1936 esse
1331 1869 1647 1935 Platonici
1703 1882 1961 1958 putant,
2018 1871 2337 1958 simplices
2381 1880 2531 1934 sunt
2576 1879 2641 1934 et
2684 1869 2814 1944 uni,

596 1973 771 2062 quod
821 1977 1029 2041 unitas
1074 1974 1184 2039 illa
1230 1996 1351 2059 pro
1398 1976 1716 2060 principio
1765 1979 1974 2061 posita
2015 1996 2234 2040 eorum
2274 1975 2540 2038 formam
2579 1973 2815 2037 consti-

596 2090 749 2158 tuat,
793 2077 908 2143 sed
953 2079 1304 2143 substantia
1349 2077 1672 2165 quaelibet
1715 2101 1841 2144 uua
1888 2092 1985 2144 est
2028 2089 2340 2164 tamquam
2388 2088 2565 2142 actus
2604 2086 2669 2141 et
2704 2098 2815 2139 na-

597 2195 737 2249 tura
776 2204 892 2268 per
928 2205 998 2245 se
1035 2186 1409 2259 consistens,
1449 2205 1571 2268 qua
1610 2181 1692 2247 de
1729 2204 1800 2247 re
1838 2182 2183 2247 disseretur
2221 2205 2358 2268 cap.
2390 2184 2452 2247 6.
2515 2182 2814 2266 Denique

597 2288 718 2352 τοῦ
771 2285 1028 2369 μᾶλλον
1080 2286 1192 2349 καὶ
1235 2276 1437 2365 ἦττον
1481 2307 1606 2350 nec
1649 2284 1953 2352 definitus
2000 2286 2227 2372 aliquis
2274 2306 2571 2351 numerus
2617 2305 2812 2370 capax

601 2400 717 2468 est,
761 2408 882 2453 nee
925 2387 1209 2453 formalis
1246 2388 1618 2467 substantia,
1665 2390 1744 2454 cf.
1776 2388 1923 2456 Cat.
1956 2392 2017 2456 6.
2055 2392 2135 2456 6⁶
2163 2393 2247 2456 19
2279 2411 2413 2477 sqq.
2465 2392 2524 2456 5.
2563 2390 2638 2454 312
2661 2389 2767 2454 33.

1492 2643 1720 2720 CAP.
1792 2646 1917 2719 IV.

732 2786 819 2868 3)
867 2785 980 2850 De
1023 2789 1321 2868 materia,
1367 2811 1510 2874 cap.
1543 2791 1609 2871 4,
1655 2791 1717 2855 5.

733 2904 888 2969 Non
945 2904 1072 2970 hoc
1116 2908 1251 2994 agit
1297 2907 1679 2973 Aristoteles
1737 2920 1808 2973 ut
1864 2912 2064 2995 ipsam
2122 2911 2424 2974 materiae
2480 2909 2816 2973 notionem

602 3010 702 3072 via
751 3029 826 3071 ac
868 3012 1119 3074 ratione
1171 3021 1479 3095 exponat,
1532 3010 1649 3076 sed
1708 3015 2007 3098 quoniam
2050 3025 2353 3080 -natnram
2413 3033 2489 3076 ac
2533 3011 2821 3079 substan-

602 3113 750 3174 tiam
811 3109 1147 3176 cuiuslibet
1200 3116 1295 3177 rei
1351 3117 1420 3178 in
1479 3114 1681 3179 forma
1742 3119 1878 3181 eius
1936 3129 2001 3182 et
2059 3129 2202 3182 actu
2265 3119 2439 3183 cerni
2487 3126 2673 3181 antea
2722 3123 2822 3179 est

601 3212 1131 3292 demonstratum,
1191 3236 1311 3281 nec
1365 3229 1575 3283 tamen
1633 3219 1869 3306 ubique
1923 3219 2031 3286 vel
2072 3233 2291 3308 potest
2333 3219 2439 3285 vel
2484 3217 2680 3284 debet
2722 3238 2818 3281 se-

601 3316 774 3381 cludi
817 3319 1074 3384 materia
1121 3319 1243 3399 (cf.
1277 3321 1348 3384 E
1374 3323 1431 3385 1.
1475 3325 1678 3389 10256
1708 3323 1853 3404 30),
1899 3326 2022 3388 iam
2069 3325 2377 3411 quaedam
2422 3322 2692 3387 adnotat
2735 3319 2819 3383 de

600 3422 914 3487 materiali
961 3443 1172 3487 rerum
1216 3427 1569 3512 principio,
1615 3448 1778 3513 quae
1825 3426 2028 3513 probe
2073 3439 2296 3493 tenere
2343 3448 2459 3492 eos
2503 3432 2820 3511 oporteat,

600 3527 710 3611 qui
767 3548 978 3591 rerum
1039 3549 1261 3593 causas
1319 3528 1628 3617 indagare
1672 3533 2090 3619 susceperint.
2180 3534 2389 3617 Atque
2436 3552 2516 3596 eo
2564 3526 2819 3615 quidem

601 3626 828 3694 ordine
888 3631 1013 3695 hoc
1058 3631 1236 3710 facit,
1293 3642 1366 3697 ut
1419 3637 1688 3720 primum
1745 3637 2049 3698 materiae
2107 3638 2473 3699 varietatem
2534 3632 2819 3719 explicet,

601 3732 808 3797 10:14⁶
839 3735 923 3799 15
944 3736 1146 3814 -32‚
1186 3735 1421 3801 deinde
1453 3735 1739 3815 disserat,
1775 3737 1884 3804 ubi
1921 3737 2003 3802 de
2038 3741 2295 3803 materia
2332 3741 2596 3804 omnino
2629 3756 2821 3823 quae-

597 3835 865 3901 rendum
911 3840 995 3902 sit
1039 3839 1148 3904 ubi
1195 3860 1330 3905 non
1379 3875 1460 3891 —-
1502 3843 1562 3904 5.
1607 3843 1810 3907 10440
1848 3842 1952 3919 29,
1998 3841 2274 3927 deniqne
2321 3840 2647 3928 quomodo
2690 3860 2822 3903 ma-

599 3941 756 4003 teria
803 3940 1115 4008 referatur
1160 3942 1240 4008 ad
1289 3942 1552 4008 sormam
1601 3955 1666 4008 et
1707 3948 2145 4030 privationem,
2190 3948 2325 4010 sive
2370 3945 2453 4012 ad
2495 3948 2818 4034 potiorem

599 4052 664 4106 et
710 4041 1095 4111 deteriorem
1144 4046 1427 4125 formam,
1473 4045 1871 4113 demonstret
1916 4085 1999 4099 —-
2047 4050 2258 4114 1045a
2295 4053 2357 4116 6.

726 4150 809 4227 a)
858 4149 1069 4213 104411
1116 4152 1425 4216 15-32,
1519 4152 1828 4239 Princeps
1871 4156 2130 4217 materia
2177 4156 2383 4217 omnis
2428 4153 2671 4218 formae
2716 4172 2821 4215 ex-

595 4269 743 4335 pers
791 4272 982 4337 quum
1031 4253 1326 4319 omnibus
1372 4258 1454 4319 sit
1497 4254 1691 4321 rebus
1736 4259 2102 4334 communis,
2147 4267 2358 4321 tamen
2395 4259 2696 4344 proxima,
2739 4277 2818 4320 ex

598 4373 722 4437 qna
770 4356 1081 4420 continuo
1128 4376 1232 4420 res
1277 4370 1652 4445 generatur,
1708 4381 1822 4426 sua
1872 4364 2102 4448 mique
2148 4362 2238 4425 rei
2284 4371 2382 4425 est
2428 4373 2496 4426 et
2537 4360 2817 4447 peculia-

458 4462 470 4475 “
594 4459 707 4536 ris,
769 4459 847 4524 cf.
900 4458 1166 4526 eandem
1212 4463 1453 4547 primae
1499 4475 1567 4530 et
1620 4468 1946 4552 proximae
1998 4467 2298 4530 materiae
2343 4462 2813 4531 distinctionem
