3109 5175
596 391 742 467 450
1421 390 1464 459 Ι
1513 383 1627 458 10.
1713 380 1982 457 10590.

595 589 715 658 ger
770 564 998 655 procul
1056 563 1255 631 dubio
1314 560 1550 631 diversi
1602 570 1752 627 sunt
1793 558 2038 644 specie3
2094 553 2297 622 nihilo
2343 565 2553 621 tamen
2598 557 2815 621 secius

596 676 666 737 in
712 670 938 735 eodem
985 689 1254 758 genere,
1309 665 1510 730 veluti
1556 665 1864 738 humano,
1912 670 1978 729 et
2021 658 2205 725 albus
2252 670 2317 724 et
2361 662 2548 747 niger
2591 668 2817 744 potest

598 777 870 841 inveniri
926 772 1140 850 color,
1197 773 1350 857 quin
1408 771 1596 834 etiam
1656 766 1860 832 eidem
1898 764 2162 837 ..bomini
2221 762 2359 828 aliis
2411 762 2815 849 temporibus

596 878 794 944 modo
840 875 1025 941 albus
1069 875 1261 940 modo
1307 877 1493 961 niger
1528 870 1716 936 color
1750 880 1968 955 potest
2003 866 2309 944 accidere,
2351 888 2561 953 neque
2599 879 2816 931 tamen

601 1005 676 1047 ex
720 981 840 1044 hac
885 979 1253 1045 diversitate
1300 977 1587 1044 colorum
1631 974 1914 1050 illorum,
1968 975 2073 1058 qui
2127 971 2361 1037 diversi
2409 992 2548 1037 esse
2594 973 2815 1058 specie

599 1085 863 1151 iudicati
903 1095 1066 1160 sunt,
1115 1081 1442 1146 diversitas
1483 1080 1725 1177 speciei
1769 1077 2078 1153 humanae
2124 1074 2419 1154 efficitur,
2463 1076 2813 1142 ban—35.

599 1191 777 1254 Haec
821 1191 874 1252 si
920 1191 1058 1274 quis
1103 1189 1375 1251 animum
1423 1184 1741 1249 induxerit
1779 1182 2079 1259 obiicere,
2127 1178 2474 1266 respondet
2502 1181 2816 1247 Aristote-

532 1300 545 1310 ’
600 1294 696 1359 les
732 1295 886 1358 ⁶36:
935 1283 1109 1354 ἀλλὰ
1143 1290 1274 1354 τῶν
1315 1289 1631 1353 ἐναντίων
1666 1278 1751 1350 τὰ
1784 1287 1903 1369 μὲν
1940 1279 2111 1350 κατὰ
2149 1278 2560 1367 συμβεβηκὸς
2598 1278 2813 1369 ὑπάρ-

595 1420 697 1482 χει
741 1397 941 1470 ἐνίοις
982 1393 1117 1458 κτλ.
1207 1391 1538 1477 Quaedam
1599 1392 1919 1454 contraria
1962 1392 2050 1454 ita
2097 1397 2247 1452 sunt
2292 1398 2685 1475 comparata,
2739 1395 2817 1452 ut

603 1498 1019 1569 accidentium
1074 1494 1226 1560 loco
1271 1499 1340 1560 in
1383 1492 1756 1581 quibusdam
1803 1493 1993 1559 rebus
2054 1491 2407 1557 habeantur
2458 1514 2582 1558 nec
2625 1513 2816 1578 quam

601 1608 780 1691 ipsae
824 1602 1063 1667 habent
1106 1602 1342 1686 speciei
1389 1597 1822 1665 diversitatem
1869 1619 2005 1662 eam
2042 1596 2121 1661 ad
2158 1597 2288 1676 haS,
2334 1596 2562 1682 quibus
2594 1596 2817 1660 inhae-

602 1717 776 1785 rent,
820 1728 923 1770 res
968 1703 1375 1778 transferant3
1432 1701 1554 1766 alia
1600 1721 1758 1766 vero
1806 1702 2119 1767 eiusmodi
2161 1713 2338 1779 sunt,
2387 1711 2815 1787 utnusquam

600 1831 721 1898 pro
768 1807 1199 1875 accidentibus
1244 1809 1493 1894 possint
1536 1804 1772 1881 haberi,
1819 1817 2010 1891 atque
2054 1809 2119 1870 in
2165 1805 2262 1869 his
2309 1816 2406 1871 est
2450 1798 2526 1871 τὸ
2573 1808 2817 1895 φθαρ-

603 1911 723 1982 τόν
768 1926 834 1979 et
876 1907 954 1978 τὸ
1001 1905 1387 1999 ἄφθαρτον.
1466 1908 1654 1994 Quae
1699 1912 1752 1973 si
1799 1909 2218 1974 accidentium
2264 1911 2325 1973 vi
2373 1931 2448 1973 ac
2490 1919 2816 1995 potestate

603 2018 792 2083 alicui
839 2020 931 2081 rei
975 2016 1399 2092 inhaererent,
1445 2023 1667 2099 posset
1712 2015 2001 2078 nimirum
2049 2012 2270 2077 eadem
2315 2034 2435 2090 res,
2480 2035 2670 2098 quum
2719 2033 2817 2076 es·

602 2133 701 2187 set
746 2115 1062 2208 φθαρτή,
1121 2139 1262 2187 esse
1309 2119 1497 2182 etiam
1541 2110 1939 2206 ἄφθαρτος,
1989 2115 2166 2202 quod
2210 2116 2547 2181 manifesto
2593 2116 2818 2181 harum

604 2226 941 2289 notionum
987 2231 1257 2288 naturae
1300 2230 1636 2308 repugnat.
1714 2221 1892 2309 Ergo
1939 2240 2071 2284 non
2116 2219 2312 2286 modo
2359 2224 2536 2306 ipsae
2581 2241 2701 2306 per
2742 2241 2818 2284 se

600 2331 905 2393 notiones
949 2328 1071 2391 τοῦ
1113 2326 1439 2413 φθαρτοῦ
1483 2335 1548 2388 et
1590 2324 1711 2389 τοῦ
1756 2319 2127 2411 ἀφθάρτου
2165 2328 2332 2388 inter
2371 2345 2443 2389 se
2481 2337 2630 2389 sunt
2663 2345 2820 2390 con-

603 2433 862 2508 trariae,
921 2427 1034 2494 sed
1094 2428 1459 2513 ubicunque
1514 2426 1717 2490 altera
1762 2447 1863 2491 res
1912 2435 2008 2492 est
2052 2440 2307 2492 aeterna
2353 2427 2553 2493 altera
2601 2448 2819 2494 corru-

602 2533 877 2624 ptibilia,
933 2536 1114 2620 ipsae
1168 2533 1390 2597 harum
1448 2530 1837 2597 substantiae
1896 2533 2063 2597 inter
2118 2553 2188 2599 se
2242 2535 2598 2599 contrariae
2644 2542 2812 2598 sunt.

601 2640 676 2706 ld
723 2643 917 2728 igitur
964 2660 1039 2703 ex
1084 2658 1211 2722 quo
1261 2647 1325 2701 et
1370 2658 1488 2723 per
1532 2635 1727 2726 quod,
1772 2646 2084 2724 tamquam
2127 2640 2507 2725 principium
2552 2625 2629 2726 (ᾗ
2677 2630 2814 2723 ἄρα

602 2745 713 2809 καὶ
756 2739 923 2808 καθ’
964 2736 1002 2806 ὃ
1047 2741 1311 2824 πρῶτον
1350 2743 1512 2820 α9),
1571 2740 1771 2806 altera
1822 2762 1924 2805 res
1971 2752 2230 2806 aeterna
2275 2753 2389 2821 est,
2434 2740 2816 2826 corruptibi-

603 2847 681 2914 lis
727 2845 956 2926 altera,
1016 2846 1142 2910 hoc
1198 2855 1296 2912 est
1344 2856 1556 2912 autem
1603 2844 1995 2912 substantiae
2038 2847 2215 2932 ipsae
2257 2865 2494 2923 rerum,
2553 2845 2813 2910 alterius

603 2962 933 3030 aeternae,
989 2947 1248 3014 alterius
1304 2947 1765 3036 corruptibilia,
1822 2952 1887 3014 in
1946 2970 2018 3013 se
2074 2951 2403 3013 continent
2459 2951 2813 3036 oppositio-

603 3076 769 3120 nem.
857 3053 1077 3138 Quare
1135 3071 1272 3116 non
1327 3050 1523 3116 modo
1585 3054 1801 3138 specie
1861 3050 2145 3117 diversas
2191 3074 2330 3118 esse
2378 3064 2643 3139 oportet
2684 3056 2815 3118 sin·

599 3153 789 3246 gulas
833 3177 935 3220 res
981 3164 1272 3219 aeternas
1319 3165 1385 3218 et
1427 3154 1711 3242 singulas
1756 3154 2230 3241 corruptibileS,
2284 3155 2456 3241 quod
2502 3179 2537 3221 a
2585 3160 2814 3243 princi-

591 3263 711 3346 ,pio
751 3259 834 3325 ad
873 3255 1430 3325 demonstrandum
1470 3257 1972 3345 proponebatur,
2017 3258 2150 3338 sed,
2195 3263 2491 3346 quoniam
2522 3262 2813 3328 substan-

603 3367 730 3429 tiae
779 3364 1290 3427 contrarietatem
1334 3371 1730 3449 receperunt,
1777 3366 1919 3449 ipso
1965 3383 2206 3452 genere
2253 3362 2576 3428 differunt.

735 3466 864 3530 lam
902 3465 1090 3531 facile
1127 3476 1407 3553 apparet,
1454 3475 1851 3554 quantopere
1888 3466 1967 3531 ab
2003 3466 2120 3546 his,
2156 3488 2318 3552 quae
2353 3465 2811 3532 demonstravi-

601 3591 756 3647 muS,
793 3568 1121 3634 Platonica
1157 3568 1438 3634 idearum
1478 3569 1768 3635 doctrina
1807 3570 2140 3658 discrepet,
2177 3572 2531 3635 alo—14.
2593 3571 2809 3656 Quum

601 3677 767 3738 enim
813 3685 1070 3759 praeter
1110 3673 1438 3739 mortalem
1486 3673 1804 3740 hominem
1847 3673 2052 3739 ideam
2091 3686 2342 3761 ponunt
2372 3674 2642 3740 hominis
2672 3677 2811 3739 sive

603 3777 1017 3846 immortalem
1063 3777 1409 3856 hominem,
1459 3799 1731 3863 eumque
1789 3800 1926 3844 cum
1972 3777 2226 3845 mortali
2269 3799 2405 3842 non
2450 3772 2646 3842 modo
2693 3798 2811 3842 no-

602 3902 749 3945 men
787 3879 948 3967 (οὐχ
986 3876 1302 3964 ὁμώνυμα
1340 3883 1494 3959 «114,
1534 3882 1612 3947 cf.
1646 3881 1729 3946 ad
1759 3884 1832 3947 A
1859 3884 1921 3946 6.
1954 3884 2114 3948 9871,
2141 3884 2267 3962 10)
2304 3881 2420 3947 sed
2451 3885 2637 3946 etiam
2669 3903 2810 3969 spe·

604 3986 763 4050 ciem
795 4004 1188 4050 communem
1219 3984 1457 4049 habere
1488 3984 1917 4051 contendunt:
1945 3985 2281 4051 manifesto
2314 3985 2581 4051 concedi
2613 4006 2808 4071 posse

604 4085 999 4168 arbitrantur,
1045 4097 1116 4151 ut
1152 4097 1478 4153 aeternum
1515 4089 1835 4174 quidpiam
1875 4098 1941 4152 et
1976 4087 2151 4153 aliud
2190 4087 2607 4175 corruptibile
2644 4092 2810 4153 eius-

603 4188 746 4255 dem
791 4193 919 4255 sint
963 4193 1219 4276 speciei.
1306 4191 1447 4256 Nos
1492 4212 1650 4256 vero
1698 4191 2269 4258 demonstravimus
2315 4186 2390 4257 τὸ
2436 4187 2809 4282 ἄφθαρτον

606 4305 671 4359 et
714 4287 792 4358 τὸ
837 4291 1191 4382 φθαρτόν,
1247 4306 1312 4358 et
1356 4315 1471 4380 per
1514 4316 1585 4358 se
1630 4305 1695 4359 et
1738 4295 2100 4381 ubicunque
2151 4294 2417 4382 siugulis
2462 4294 2652 4359 rebus
2699 4294 2808 4359 ad-

602 4395 884 4475 baerent,
926 4419 1060 4464 non
1105 4397 1302 4463 modo
1348 4399 1605 4482 speciei,
1650 4398 1763 4465 sed
1795 4403 1999 4478 etiam,
2045 4421 2208 4485 quae
2236 4399 2427 4464 latius
2457 4409 2653 4485 patet,
2695 4420 2806 4488 ge-

601 4501 771 4564 neris
813 4504 881 4566 in
924 4521 997 4566 se
1042 4503 1374 4567 continere
1418 4498 1867 4569 diversitatem.
