3109 5175
596 382 746 457 228
1428 383 1500 455 A
1550 380 1619 455 4.
1704 380 1973 455 101415.

599 563 745 627 τῶν.
839 559 1058 644 Quare
1100 556 1274 623 haud
1318 560 1452 624 scio
1499 579 1584 623 an
1628 557 2050 646 praeferenda
2097 562 2179 624 sit
2225 580 2297 625 ea
2343 558 2567 637 lectio,
2622 581 2813 646 quam

601 687 674 729 ex
722 661 864 728 eod.
910 663 1000 726 Ab
1037 671 1103 727 et
1148 662 1324 729 Alex.
1370 668 1615 750 recepit
1657 662 1913 741 Brund„
1961 661 2055 729 οὐ
2095 658 2224 751 γάρ
2269 668 2407 732 ἐστι
2449 659 2645 748 λόγος
2690 662 2815 730 αὑ-

599 771 751 833 τῶνε
811 788 947 832 non
1004 777 1104 831 est
1156 771 1418 833 omnino
1465 766 1758 832 definitio
1803 789 2187 833 summorum
2232 789 2568 856 generum,
2624 769 2813 853 siqui-

599 872 742 937 dem
790 870 1079 937 definitio
1127 871 1448 957 quaelibet
1490 892 1697 960 genus
1742 882 1811 937 et
1842 870 2264 938 differentiam
2310 871 2673 957 specificam
2712 894 2815 936 re-

602 978 806 1063 quirit,
836 979 1016 1062 quasi
1047 980 1368 1040 materiam
1403 987 1467 1042 et
1497 977 1780 1054 formam,
1811 976 1890 1040 ef.
1920 978 2010 1041 H
2031 978 2093 1041 3.
2131 977 2332 1041 10436
2355 977 2462 1040 28.
2494 1011 2575 1026 -
2609 974 2813 1060 Quod

600 1080 755 1145 dicit
810 1100 1015 1166 genus
1066 1079 1254 1145 latius
1299 1090 1521 1167 patere
1568 1102 1751 1166 quam
1797 1078 2218 1145 differentiam
2264 1079 2342 1143 cf.
2393 1081 2562 1165 Top.
2605 1080 2703 1142 lv
2746 1081 2813 1144 2.

602 1187 764 1250 122⁶
804 1186 914 1249 15:
971 1182 1049 1248 τὸ
1105 1187 1293 1266 γένος
1350 1186 1453 1249 ἐπὶ
1512 1185 1714 1249 πλέον
1770 1183 1870 1248 δεῖ
1924 1185 2243 1268 λέγεσθαι
2295 1185 2416 1262 τῆς
2460 1183 2811 1272 διαφορᾶς.

602 1290 833 1355 Waitz
878 1288 1041 1374 Org.
1092 1289 1162 1351 lb
1207 1290 1306 1352 17.
2814 1317 2823 1323 ·

1487 1531 1716 1608 CAP.
1789 1531 1913 1604 1V.

732 1706 1026 1772 Nominis
1073 1700 1317 1796 φύσις
1360 1706 1601 1770 varium
1646 1727 1829 1771 usum
1871 1706 2286 1791 persequitur.
2355 1704 2631 1768 Primum
2677 1703 2812 1786 qui-

604 1808 748 1873 dem
793 1804 990 1897 φύσις
1034 1807 1393 1895 appellatur
1436 1831 1645 1874 rerum
1689 1808 2066 1874 naturalium
2113 1810 2479 1896 generatim
2531 1807 2701 1871 huuc
2745 1807 2813 1868 in

600 1913 860 1978 modum
905 1916 960 1978 si
1004 1925 1346 2000 usurpatur
1387 1914 1800 1993 vocabulum,
1857 1922 2103 1977 servata
2157 1915 2421 1999 propria
2466 1931 2541 1974 ac
2583 1911 2813 1995 prima-

599 2021 795 2082 maria
839 2020 904 2082 vi
949 2022 1221 2082 nominis
1267 2018 1542 2083 verbalis
1581 2040 1701 2105 per
1738 2020 2249 2082 terminationem
2297 2035 2498 2091 -σις
2542 2014 2813 2090 formati,

601 2126 804 2209 ipsam
848 2126 1163 2188 actionem
1196 2125 1332 2187 ’τοῦ
1370 2126 1581 2212 φῦναι
1626 2121 1963 2210 significat.
2052 2123 2137 2184 Et
2191 2121 2354 2184 hanc
2397 2116 2649 2205 quidem
2696 2137 2813 2182 no-

600 2229 782 2292 minis
818 2225 1092 2290 verbalis
1122 2224 1404 2289 indolem
1439 2225 1818 2290 Aristoteles
1849 2224 2130 2290 indicare
2159 2223 2430 2302 vIdetur‚
2460 2222 2634 2310 quod
2665 2225 2813 2286 scri-

600 2328 697 2393 bit
753 2325 898 2394 οἶον
953 2328 1012 2393 εἴ
1061 2352 1157 2405 τις
1204 2331 1571 2405 ἐπεκτείνας
1614 2331 1793 2413 λέγοι
1834 2324 1911 2394 τὸ
1958 2353 1998 2395 v
2038 2331 2200 2403 ⁶173
2258 2338 2583 2414 exspectes
2640 2328 2813 2390 enim

604 2456 678 2497 ex
735 2436 1052 2497 communi
1109 2433 1333 2497 horum
1390 2436 1716 2498 nominum
1764 2433 2064 2523 analogia
2110 2430 2464 2521 (φρονήσω
2508 2471 2595 2483 —-
2638 2426 2811 2519 φρό·

600 2558 806 2617 νησις,
849 2532 1105 2617 ποιήσω
1154 2573 1234 2589 -
1277 2537 1831 2624 aelnotcffiquum
1877 2538 2154 2604 futurum
2200 2531 2391 2627 φύσω
2437 2535 2811 2624 productam

599 2641 835 2706 habeat
878 2639 1186 2719 vocalem,
1233 2641 1498 2707 eandem
1547 2646 1732 2707 etiam
1779 2645 1844 2707 in
1878 2646 2139 2709 nomine
2168 2640 2412 2707 verbali
2442 2637 2638 2732 φύσις
2666 2660 2812 2726 pro-

602 2742 779 2820 duci3
839 2767 910 2808 re
954 2767 1106 2809 vera
1153 2745 1528 2832 productam
1576 2746 1769 2811 fuisse
1815 2749 2090 2833 priorem
2136 2748 2412 2811 nominis
2458 2741 2656 2835 φύσις
2696 2765 2812 2808 vo-

604 2846 804 2913 calem
849 2848 959 2914 ubi
1005 2850 1125 2914 hac
1168 2853 1232 2914 vi
1270 2860 1626 2935 usurpatur,
1673 2849 2093 2918 Aristotelicis
2139 2849 2351 2915 verbis
2395 2845 2541 2915 οἷον
2587 2853 2643 2913 εὶ
2674 2849 2809 2913 κτλ.

604 2964 841 3018 temere
880 2954 1114 3019 abusus
1161 2954 1553 3020 contendere
1602 2976 1732 3021 non
1784 2955 2034 3021 dubitat
2071 2953 2383 3043 Schwegl.
2428 2990 2508 3007 --
2554 2951 2812 3019 Deinde

604 3052 801 3144 φύσις
844 3062 1164 3122 nascentis
1210 3058 1474 3122 alicuius
1519 3063 1614 3123 rei
1656 3063 2035 3147 principium
2081 3059 2399 3147 significat
2441 3059 2562 3144 ipsi
2598 3060 2692 3121 rei
2721 3059 2813 3120 in-

604 3163 792 3224 situm
833 3161 981 3238 b17,
1030 3161 1107 3224 cf.
1154 3160 1235 3224 ad
1275 3162 1625 3229 1026—35.
1663 3198 1743 3215 —-
1791 3164 1858 3243 ἐξ
1907 3155 1991 3229 οὗ
2026 3160 2349 3251 πρώτου
2392 3162 2470 3227 cf.
2516 3160 2596 3225 ad
2640 3160 2709 3225 B
2748 3162 2809 3225 3.

604 3264 773 3328 998oe
810 3265 917 3328 23.
967 3301 1046 3315 —-
1109 3267 1271 3329 Tum
1319 3261 1517 3354 φύσις
1543 3280 1660 3357 ,εει
1702 3271 2076 3355 principium
2122 3266 2450 3344 movendi,
2494 3263 2673 3352 quod
2714 3285 2814 3329 re-

605 3366 728 3432 bus
775 3367 1162 3434 naturalibus
1208 3372 1362 3455 ipsis
1405 3393 1522 3457 per
1567 3394 1635 3437 se
1680 3375 1930 3437 insitum
1980 3382 2105 3451 est,
2160 3393 2296 3437 non
2352 3394 2469 3458 per
2519 3368 2812 3434 accidens

604 3475 749 3537 ⁶18.
789 3511 878 3523 --—
921 3475 993 3538 ln
1041 3473 1138 3537 his
1181 3474 1559 3539 notionibus
1602 3497 1746 3540 voc.
1794 3473 1991 3564 φύσις
2034 3475 2467 3541 describendis
2513 3478 2811 3561 quoniam

605 3576 866 3641 verbum
913 3573 1216 3664 φύεσθαι
1260 3576 1563 3657 adhibuit,
1608 3582 1732 3643 iam
1774 3584 1980 3666 ipsum
2022 3581 2155 3644 hoc
2199 3576 2517 3671 φύεσθαι.
2543 3577 2693 3665 quid
2734 3580 2814 3643 si·

604 3679 866 3767 gnifieet
895 3681 1167 3767 explicat
1202 3683 1550 3763 ‘zo-26,
1598 3682 1713 3747 sed
1758 3706 1977 3770 parm
2013 3684 2171 3749 illud
2208 3683 2458 3771 quidem
2489 3692 2809 3759 accurate3

607 3804 875 3871 namque
933 3783 1016 3848 ad
1069 3785 1494 3851 definiendam
1540 3787 1707 3851 hanc
1748 3791 2078 3855 notionem
2124 3811 2230 3854 eas
2275 3788 2595 3866 adsciscit,
2650 3806 2813 3872 quae
2926 3832 2933 3835 -

607 3898 671 3950 et
716 3890 895 3972 ipsae
941 3912 999 3952 v.
1047 3884 1349 3978 φύεσθαι
1405 3894 1472 3954 in
1516 3913 1588 3956 se
1633 3896 2033 3973 contineant,
2087 3893 2283 3958 veluti
2330 3893 2816 3979 συμπεφυκέναι

610 4001 676 4053 et
727 3997 1289 4081 προσπεφυκέναι,
1346 4016 1510 4081 quae
1569 3996 1895 4082 quomodo
1954 3996 2255 4062 differant
2311 4019 2351 4060 a
2394 3994 2678 4082 simplice
2724 4004 2812 4059 ta-

608 4098 823 4160 ctione
869 4116 1003 4160 non
1048 4107 1268 4181 potest
1306 4098 1512 4164 videri
1559 4104 1712 4165 satis
1758 4100 2198 4188 descripsisse,
2254 4123 2445 4186 quum
2489 4098 2646 4163 dicit
2682 4100 2813 4165 hm

607 4201 972 4284 quantitatis
1020 4203 1381 4268 continuam
1431 4208 1729 4271 exsistere
1773 4209 2103 4283 unitatem,
2162 4222 2295 4271 non
2349 4203 2683 4290 qualitatis,
2725 4240 2814 4255 -

607 4301 860 4386 Quarto
919 4300 1150 4370 deinde
1205 4305 1356 4371 loco
1408 4310 1633 4374 ⁶26-
1651 4311 1741 4375 35
1794 4306 2017 4400 φύσις
2047 4308 2209 4375 illud
2262 4309 2580 4397 signifieat
2618 4308 2691 4388 «ἐξ
2736 4298 2817 4374 οὗ

605 4401 867 4491 πρώτου
911 4399 957 4486 ἢ
1000 4409 1175 4473 ἔστιν
1218 4404 1261 4488 ἢ
1303 4415 1598 4494 γίγνεταί
1638 4435 1703 4478 τι
1737 4415 1867 4479 τῶν
1897 4409 2089 4502 φύσει
2120 4409 2346 4493 ὄντων,
2390 4411 2815 4501 ἀρυθμίστου

605 4503 800 4586 ὄντος
854 4514 963 4576 καὶ
1024 4509 1485 4599 ἀμεταβλήτου
1541 4521 1611 4582 ἐκ
1668 4520 1786 4598 τῆς
1841 4513 2175 4603 &mammo
2216 4520 2337 4598 τῆς
2380 4515 2605 4585 αὑτοῦ.
2692 4519 2814 4583 Ex-
