3109 5175
584 364 738 446 146*
1425 367 1621 444 132.
1693 368 1923 442 9970.

579 548 706 614 illis
752 552 862 625 (ὲκ
906 544 1194 627 τούτων)
1253 545 1603 632 eademque
1659 544 1740 609 ab
1788 543 1915 609 illis
1960 543 2241 623 diversa,
2294 553 2361 607 at
2405 562 2531 608 una
2574 552 2783 608 tanen

580 664 695 719 est.
744 688 825 702 —-
889 651 985 715 Ab
1031 650 1379 716 Alexandri
1437 649 1859 735 explicatione
1914 650 2033 713 hac
2086 669 2213 712 una
2270 650 2339 712 in
2390 668 2463 711 re
2506 646 2786 726 discessi,

578 754 753 842 quod
798 752 907 820 ille
950 755 1144 820 verba
1188 751 1258 833 ἐξ
1302 746 1393 819 ὧν
1439 763 1734 817 contorta
1779 751 2047 839 quadam
2086 754 2339 816 ratione
2376 751 2459 815 ad
2498 748 2786 814 acciden-

579 864 666 925 tia
725 859 947 933 refert3
1008 858 1123 922 sed
1179 857 1599 945 intelligenda
1660 878 1800 921 esse
1855 859 2163 921 axiomata
2221 855 2619 923 manifestum
2667 858 2789 919 erit

581 964 940 1028 conferenti
981 961 1305 1047 quomodo
1338 961 1461 1026 sibi
1501 960 1939 1045 respondeant
1986 959 2235 1047 singula
2280 958 2558 1023 membra
2588 975 2789 1022 cnun-

581 1071 924 1133 eiationum
969 1063 1143 1149 εἴπερ
1190 1101 1272 1117 —
1320 1061 1560 1143 δοξῶν,
1619 1064 1856 1129 deinde
1897 1066 2048 1151 περὶ
2092 1054 2211 1130 οὖν
2258 1096 2340 1115 --
2387 1059 2627 1140 δοξῶν,
2679 1060 2789 1125 de·

579 1175 773 1256 nique
830 1171 978 1255 περί
1033 1191 1102 1233 τε
1163 1204 1247 1216 -
1306 1162 1553 1232 τούτων
1607 1169 1758 1249 μία,
1817 1170 1908 1233 ita
1965 1168 2218 1255 quidem
2270 1175 2342 1231 ut
2398 1169 2467 1230 in
2513 1163 2786 1253 singul'n

584 1272 1135 1339 emundationibus
1203 1279 1652 1335 enumerentur
1705 1293 1939 1359 genus,
2002 1276 2343 1347 axiomata,
2409 1267 2785 1333 accidentia.

582 1376 1024 1463 Schweglerus
1058 1373 1233 1459 quod
1271 1384 1455 1459 putat
1493 1384 1827 1440 extremam
1870 1375 2317 1463 disputationis
2352 1383 2612 1459 partem,
2650 1374 2779 1436 ⁶21

581 1485 728 1567 περὶ
775 1470 893 1544 οὖν
942 1517 1020 1529 -
1067 1481 1156 1543 25
1199 1481 1352 1561 μία,
1403 1476 1743 1543 manifesto
1788 1479 1871 1543 ab
1917 1481 2033 1544 bac
2076 1480 2451 1565 quaestione
2496 1476 2786 1555 alienam,

582 1587 902 1672 pertinere
947 1581 1028 1647 ad
1076 1604 1211 1647 eam
1258 1603 1420 1667 quae
1465 1587 1750 1667 proxime
1793 1587 2083 1669 sequitur
2125 1592 2190 1647 et
2231 1579 2598 1672 ponendam
2644 1602 2788 1645 esse

584 1700 734 1776 post
772 1687 908 1753 «234
954 1681 1407 1769 παγχάλεπον,
1464 1689 1631 1772 ipsa,
1691 1709 1872 1772 quam
1925 1687 2202 1765 exhibui,
2262 1687 2791 1771 interpretatione

582 1795 735 1858 satis
779 1791 1114 1856 refutatum
1160 1788 1452 1855 arbitror.

717 1893 1003 1960 Solvitur
1045 1894 1204 1958 haec
1247 1896 1536 1979 quaestio
1579 1891 1873 1959 distincta
1911 1896 2109 1980 prima
2148 1891 2555 1979 philosophia
2589 1914 2626 1956 a
2664 1895 2791 1958 sin-

583 1999 752 2088 gulis
797 1997 1245 2085 philosophiae
1292 1996 1642 2084 disciplinis
1686 1998 1755 2061 E
1789 2000 1845 2062 1.

1080 2187 1395 2266 Quaestio
1439 2201 1695 2276 quarto.
1785 2191 1953 2257 997⁶
1990 2191 2077 2253 25
2094 2189 2296 2253 -34.

717 2305 915 2392 Quod
962 2317 1145 2371 antea
1194 2309 1259 2371 in
1303 2307 1515 2372 medio
1563 2308 1923 2394 reliquerat,
1965 2307 2353 2372 substantiae
2397 2316 2462 2370 et
2497 2305 2791 2371 acciden-

586 2414 740 2477 tium
786 2412 1112 2490 (nimirum
1157 2412 1289 2475 τῶν
1331 2409 1496 2475 καθ’
1538 2405 1702 2477 αὑτὸ
1745 2407 2282 2497 συμβεβηκότων,
2330 2410 2409 2475 cf.
2456 2410 2539 2475 ad
2583 2411 2637 2476 A
2679 2412 2787 2476 30.

589 2516 797 2581 1025a
833 2515 961 2593 30)
1020 2523 1222 2577 utrum
1282 2513 1501 2581 eadem
1559 2518 1641 2580 sit
1694 2518 1959 2580 scientia
2005 2537 2087 2580 an
2133 2514 2411 2593 diversa,
2467 2514 2532 2579 id
2578 2517 2787 2602 ipsum

584 2624 706 2685 iam
751 2622 820 2683 in
866 2617 1326 2683 dubitationem
1372 2630 1589 2697 vocat,
1648 2631 1713 2684 et
1769 2642 2068 2706 quorsum
2119 2629 2366 2707 spectet
2405 2620 2566 2684 haec
2607 2618 2790 2684 dubi-

585 2726 743 2788 tatio
792 2721 1077 2807 exemplo
1123 2726 1516 2809 geometriae
1559 2722 1851 2789 illustrat.
1917 2724 2159 2789 Eadem
2204 2726 2260 2787 si
2304 2744 2448 2788 esse
2492 2733 2789 2808 ponatur,

586 2828 884 2913 quoniam
928 2824 1277 2890 accidentia
1326 2824 1823 2893 demonstrando
1869 2837 2377 2916 cognoscuntur,
2422 2827 2593 2892 effici
2634 2827 2788 2893 inde

583 2930 838 2996 videtur
868 2939 939 2994 ut
967 2927 1526 3009 demonstratione,
1557 2928 1903 3011 ἀποδείξει,
1932 2931 2389 3018 comprobetur
2416 2933 2604 2995 etiam
2635 2929 2789 3017 quid

584 3037 667 3098 sit
710 3053 812 3097 res
856 3037 1017 3118 (qua
1066 3037 1130 3097 in
1182 3036 1671 3100 ratiocinatione
1715 3045 1880 3100 tecte
1925 3036 2052 3100 hoc
2093 3038 2308 3110 sumit,
2360 3039 2687 3102 scientiam
2730 3021 2787 3100 si

586 3136 796 3221 aliqua
836 3138 900 3200 in
938 3146 1117 3222 parte
1155 3135 1709 3202 demonstrativam
1747 3137 1979 3204 habeat
2010 3149 2319 3216 naturam,
2364 3139 2643 3204 eiusdem
2672 3160 2790 3204 na·

585 3251 764 3305 turae
810 3239 1104 3304 omuibus
1150 3244 1217 3304 in
1261 3241 1547 3326 partibus
1595 3240 1805 3321 fore);
1851 3254 1918 3309 at
1960 3242 2113 3329 quid
2156 3246 2237 3307 sit
2281 3264 2384 3306 res
2420 3261 2554 3307 non
2591 3263 2789 3328 posse

587 3342 1083 3408 demonstrando
1130 3354 1197 3408 et
1237 3344 1686 3412 concludendo
1731 3350 2042 3435 cognosci
2088 3357 2153 3411 et
2197 3345 2352 3411 alibi
2396 3343 2788 3411 demonstra-

585 3450 677 3511 vit
720 3449 878 3528 (An.
912 3458 1077 3532 post.
1109 3449 1240 3513 113
1269 3455 1446 3535 sqq.)
1491 3461 1556 3514 et
1591 3452 1707 3527 bic,
1753 3451 1867 3516 ubi
1911 3450 2243 3516 dialectice
2288 3450 2586 3535 disputat,
2632 3462 2786 3517 tam-

584 3572 769 3637 quam
798 3551 1124 3640 vulgatum
1154 3552 1475 3618 hominum
1507 3556 1817 3639 opinione
1846 3555 2062 3633 (δοκεῖ
2083 3555 2254 3634 0:31)
2285 3557 2490 3641 ponit.
2544 3555 2659 3620 Sin
2688 3577 2787 3620 se·-

584 3658 859 3720 iunctam
907 3658 1197 3743 posueris
1233 3656 1649 3723 accidentium
1688 3660 2117 3744 cognitionem
2156 3680 2191 3721 a
2232 3661 2604 3746 cognitione
2637 3658 2786 3725 sub-

524 3782 529 3788 ·
582 3762 878 3837 stantiae,
935 3758 1154 3825 eadem
1202 3763 1404 3825 oritur
1446 3782 1610 3845 quae
1654 3763 1719 3824 in
1764 3764 1990 3826 ceteris
2037 3761 2383 3839 dubitatio,
2438 3766 2541 3828 cui
2583 3765 2787 3828 scien-

584 3868 708 3927 tiae
754 3862 923 3927 illam
969 3861 1366 3928 tribuendam
1410 3884 1794 3929 censeamus.
1838 3901 1921 3918 -—
1979 3866 2155 3930 Haec
2210 3868 2498 3952 quaestio
2552 3866 2785 3932 dirimi-

583 3979 687 4030 tur
729 3966 795 4030 Γ
825 3968 888 4030 2.
935 3969 1135 4032 lomb
1171 3970 1214 4033 ὅ
1256 3988 1392 4053 sqq.

967 4157 1284 4236 Quaestio
1330 4159 1575 4244 quinto.
1663 4159 1831 4223 997«
1868 4160 1954 4224 34
1977 4197 2064 4210 -
2085 4161 2255 4226 9980
2294 4162 2396 4225 19.

712 4276 939 4342 Utrum
996 4288 1253 4364 praeter
1307 4274 1641 4342 sensibiles
1700 4278 2081 4344 substantias
2127 4278 2288 4343 aliae
2335 4300 2474 4343 esse
2518 4300 2785 4345 censen-

583 4376 704 4443 dae
746 4381 872 4445 sint
914 4401 1134 4460 necne,
1180 4389 1486 4448 et.utrum
1527 4402 1719 4445 unum
1757 4381 2246 4448 substantiarum
2284 4403 2489 4470 genus
2526 4393 2786 4468 praeter

581 4481 914 4550 sensibiles
957 4505 1040 4549 au
1077 4485 1280 4571 plura,
1320 4483 1496 4569 quod
1531 4487 1653 4550 iam
1689 4486 1771 4550 ad
1811 4484 2239 4572 quaerendum
2277 4489 2604 4573 proponit,
2644 4507 2785 4552 non
