3109 5175
1205 418 1256 464 α
1301 392 1373 465 2.
1449 392 1677 466 994ῠ.
1720 442 1733 451 -
2400 396 2534 472 133

333 584 474 643 nus,
517 563 691 650 quod
724 568 846 630 viri
886 587 923 631 e
957 588 1163 652 puero
1202 567 1630 635 adolescentis
1668 569 1958 657 exemplo
1994 570 2370 638 illustratum
2408 583 2532 650 est;

333 670 403 732 in
446 690 528 733 eo
575 680 781 733 autem
827 690 1066 756 genere
1110 682 1260 757 apte
1303 695 1379 736 ac
1422 675 1683 758 proprie
1716 673 1965 739 dicitnr:
2013 673 2093 741 οὐ
2132 677 2422 759 γίγνεται
2463 679 2534 739 ἐκ

329 772 453 849 τῆς
493 776 799 853 γενέσεως
841 768 919 838 τό
963 770 1350 857 γιγνόμενον
1392 778 1473 853 (i.
1508 798 1564 839 e.
1608 779 1693 840 ita
1732 787 1803 842 ut
1836 798 1911 841 ex
1946 780 2080 863 ipsa
2116 779 2532 865 generatione

328 878 488 939 novi
533 875 683 960 quid
730 876 1069 962 prodeat),
1115 873 1290 942 ἀλλὰ
1334 882 1484 955 (int.
1530 881 1866 963 γίγνεται)
1909 874 2075 963 μετὰ
2119 874 2241 958 τὴν
2282 884 2533 961 γένεσιν

329 977 390 1041 h.
427 999 481 1041 e.
529 983 598 1041 ἐκ
635 981 755 1044 τοῦ
791 974 918 1060 ἤδη
955 976 1305 1063 γεγονότος
1337 983 1510 1047 Alex.
1549 1006 1611 1069 p.
1648 985 1791 1062 116,
1819 985 1926 1047 22.
2001 982 2131 1047 Sed
2176 979 2321 1047 ἀλλ’
2361 984 2532 1048 ἔστι

324 1072 496 1163 paeto}
534 1075 656 1160 τὴν
696 1085 948 1164 γένεσιν
991 1104 1123 1148 non
1163 1096 1382 1171 potest
1426 1085 1506 1150 ad
1554 1085 2067 1173 distinguendum
2113 1086 2237 1150 hoc
2279 1089 2531 1172 potissi-

325 1205 495 1247 mum
540 1206 745 1271 genus
789 1186 1040 1264 referri,
1098 1192 1396 1273 quoniam
1458 1211 1636 1254 esse
1682 1186 1932 1275 quidem
1976 1199 2128 1274 post
2169 1191 2531 1277 generatio-

323 1306 472 1351 nem
519 1290 582 1351 in
630 1298 898 1374 utroque
943 1312 1187 1379 genere
1229 1305 1402 1359 recte
1448 1293 1679 1358 dicitur
1721 1292 1789 1357 id
1837 1291 2009 1378 quod
2055 1292 2288 1357 factum
2336 1301 2449 1355 est.

461 1392 622 1455 994⁶
662 1394 704 1456 6
750 1387 916 1476 ἅμα
961 1395 1043 1460 δὲ
1087 1398 1353 1462 καὶ-
1397 1399 1439 1462 9
1483 1393 1763 1461 ἀΐδιον
1821 1391 2050 1461 εἶναι.
2143 1392 2335 1459 Falso
2383 1391 2528 1458 Ale-

320 1492 566 1557 xander
609 1493 689 1557 ab
737 1496 829 1560 his
875 1496 1028 1562 inde
1074 1499 1299 1577 verbis,
1353 1500 1534 1563 finita
1579 1497 1916 1564 universali
1962 1499 2526 1586 argumentatione,

320 1595 576 1684 singula
622 1608 804 1682 putat
848 1605 1217 1686 pertractari
1260 1624 1498 1691 genera
1545 1624 1902 1679 causarum,
1963 1613 2028 1668 et
2083 1604 2347 1687 primum
2393 1602 2526 1684 qui-

322 1698 470 1764 dem
527 1701 940 1781 materialem,
971 1726 1238 1771 causam.
1329 1707 1481 1773 Non
1540 1726 1769 1769 novam
1828 1704 2023 1769 ordiri
2082 1703 2526 1788 disputationis

317 1815 583 1888 partem,
626 1803 741 1868 sed
780 1809 1085 1873 artissime
1124 1809 1280 1874 haec
1313 1807 1712 1873 adnectenda
1749 1830 1887 1873 esse
1920 1806 2352 1894 superioribus
2385 1828 2528 1870 ver-

319 1905 453 1984 bis,
510 1905 616 1970 vel
661 1929 736 1970 ex
780 1910 1088 1994 particula
1133 1907 1277 1995 ἅμα
1331 1910 1649 1999 inteiligas
1694 1932 1817 1996 qua
1862 1915 2260 1977 enunciatum
2306 1912 2526 1993 incipi-

318 2017 444 2072 tur.
523 2010 830 2075 Nimirum
868 2035 1059 2080 unum
1097 2018 1530 2102 generationis
1569 2036 1774 2102 genus
1811 2050 1897 2062 —
1932 2012 2106 2099 quod
2151 2010 2300 2075 alibi
2343 2009 2524 2090 ἁπλῆ

316 2115 569 2197 γένεσις
600 2114 960 2199 appellatur
993 2154 1074 2169 -
1108 2118 1173 2182 id
1209 2121 1438 2204 posuit,
1481 2120 1548 2182 in
1586 2137 1715 2203 quo
1749 2116 2014 2183 alterum
2050 2115 2127 2180 fit
2164 2118 2522 2179 intereunte

319 2214 559 2292 altero;
617 2239 754 2282 eam
807 2241 1050 2284 sursum
1097 2219 1461 2287 ascendenti
1506 2241 1641 2285 non
1685 2230 1903 2307 patere
1946 2221 2011 2283 in
2055 2218 2369 2283 infinitum
2414 2237 2523 2281 an-

317 2330 421 2384 tea
472 2342 774 2406 ea,-quae
817 2323 900 2387 ad
946 2328 1157 2391 omnia
1204 2346 1528 2390 causarum
1574 2345 1811 2412 genera
1857 2325 2230 2409 pertineret,
2271 2322 2522 2385 ratione

318 2421 869 2490 demonstraverat
903 2430 1269 2505 all-193
1317 2427 1468 2491 inde
1512 2431 1634 2491 iam
1677 2425 2001 2492 concludit
2034 2429 2292 2512 primam
2329 2445 2521 2512 gene-

317 2530 585 2592 rationis
628 2533 950 2595 materiam
995 2551 1130 2596 non
1176 2552 1367 2619 posse
1412 2533 1671 2596 interire
1716 2552 1907 2616 quum
1955 2528 2103 2616 quid
2152 2552 2224 2595 ex
2272 2551 2345 2594 ea
2390 2528 2521 2606 fiat,

316 2652 528 2717 neque
574 2631 653 2696 ad
701 2654 837 2698 eam
884 2634 1133 2700 extendi
1178 2656 1368 2721 posse
1404 2656 1539 2700 eam
1581 2637 1910 2700 notionem
1948 2634 2400 2721 generationis,
2446 2653 2519 2695 ex

317 2757 444 2819 qua
490 2734 752 2803 alterum
797 2736 938 2802 fieri
985 2737 1227 2803 dixerat
1269 2737 1691 2803 intercidente
1737 2737 1959 2803 altero.
1996 2773 2082 2786 --
2128 2739 2305 2802 Haec
2345 2734 2520 2798 vide-

319 2847 425 2903 tur
469 2851 642 2903 certe
686 2845 1012 2928 scriptoris
1056 2863 1198 2906 esse
1241 2844 1582 2918 sententia,
1639 2864 2010 2928 quamquam
2070 2863 2207 2905 eam
2263 2838 2368 2904 vel
2411 2860 2520 2902 ue-

318 2945 598 3007 cessario
645 2942 726 3008 ad
761 2945 939 3023 hanc,
983 2948 1049 3009 in
1088 2968 1208 3031 qua
1245 2967 1418 3010 nunc
1448 2955 1753 3022 versatur,
1796 2948 2345 3009 ratiocinationem
2379 2962 2520 3026 per-

316 3049 554 3125 tinere,
607 3046 714 3110 vel
757 3051 1119 3114 necessario
1172 3071 1248 3113 ex
1291 3051 1443 3135 ipsis
1486 3047 1701 3113 verbis
1748 3052 1949 3134 repeti
1992 3069 2123 3113 non
2171 3043 2517 3110 contende-

189 3195 196 3202 ·
315 3152 466 3224 rim;
509 3152 645 3234 ipsa
692 3155 857 3216 enim
902 3152 1099 3217 verba
1145 3152 1486 3218 videantur
1529 3156 1797 3239 cuipiam
1833 3156 1897 3218 in
1938 3150 2177 3217 circulo
2214 3149 2472 3214 versari.

452 3253 613 3316 9945
648 3256 690 3318 9
736 3256 854 3319 ἔτι
898 3254 980 3320 δὲ
1023 3251 1112 3320 τὸ
1159 3245 1249 3321 οὗ
1291 3290 1378 3304 —-
1428 3259 1511 3321 16
1563 3259 1815 3341 πέρας
1870 3257 2110 3320 ἐστίν.
2200 3255 2273 3318 In
2330 3271 2517 3315 causa

315 3353 510 3420 finali
543 3376 673 3420 non
721 3356 962 3422 admitti
1007 3357 1470 3446 progrediendi
1514 3358 1595 3422 ab
1640 3358 1843 3425 altero
1891 3357 1970 3422 ad
2012 3357 2274 3423 alterum
2309 3353 2519 3419 infini-

317 3470 528 3536 tatem,
576 3480 649 3523 ex
694 3462 829 3546 ipsa
879 3465 1014 3528 eius
1058 3465 1327 3527 notione
1369 3461 1767 3526 manifestum
1814 3473 1928 3526 est.
2003 3461 2213 3546 Quam
2259 3463 2365 3545 qui
2410 3454 2517 3521 ad-

317 3563 481 3627 mitti
525 3561 779 3640 volunt,
822 3567 867 3629 ii
913 3564 1150 3630 tollunt
1194 3567 1454 3628 omnino
1498 3561 1754 3630 finalem
1802 3587 2048 3630 causam
2094 3568 2257 3641 sive,
2311 3571 2384 3626 ut
2426 3562 2515 3623 ait

315 3668 615 3750 scriptor,
672 3659 795 3744 τὴν
851 3669 970 3733 τοῦ
1018 3665 1294 3750 ἀγαθοῦ
1338 3662 1539 3755 φύσιν
1575 3670 1733 3747 ὁ13,
1790 3671 1936 3753 quia
1980 3662 2057 3734 τὸ
2101 3660 2374 3752 ἀγαθόν
2420 3673 2518 3730 est

313 3770 502 3845 τέλος
544 3766 707 3834 καθ’
746 3765 929 3848 αὑτό,
974 3770 1055 3835 ci.
1099 3770 1179 3836 ad
1211 3771 1281 3836 A
1311 3773 1373 3836 3.
1405 3772 1575 3837 983«
1598 3774 1704 3837 32.
1773 3772 1915 3836 Nec
1958 3774 2309 3858 susciperet
2350 3770 2516 3854 quis-

316 3893 502 3958 quam
546 3893 742 3959 agere
785 3872 1151 3959 quidquam,
1206 3877 1327 3938 nisi
1385 3873 1577 3939 finem
1623 3885 2055 3955 assecuturus,
2108 3870 2244 3940 οὐδ’
2284 3864 2370 3938 ἄν
2415 3868 2512 3950 εἴη

314 3975 472 4052 νοῦς
525 3979 596 4040 ἐν
649 3983 790 4051 τοῖς
837 3973 1157 4055 τοιούτοις
1197 3980 1238 4041 i.
1272 4000 1326 4043 e.
1374 3978 1441 4043 οἳ
1481 3975 1845 4065 πράττουσι
1884 3975 1978 4063 μὴ
2020 3981 2364 4064 μέλλοντες
2407 3976 2514 4039 ἐπὶ

316 4084 519 4162 πέρας
564 4073 757 4157 ἥξειν.
795 4117 875 4130 -
921 4080 994 4144 In
1041 4084 1355 4168 principio
1402 4081 1586 4146 huius
1628 4082 1759 4146 loci
1789 4081 2150 4148 Alexander
2191 4105 2252 4169 p.
2287 4081 2432 4158 119,
2470 4081 2507 4144 7

318 4201 437 4265 pro
490 4205 549 4245 v.
601 4184 695 4247 ἔτι
747 4183 818 4248 δέ
869 4183 1064 4249 habet
1115 4186 1255 4249 ἐπεὶ
1308 4185 1395 4250 δέ.
1499 4186 1706 4271 Quam
1760 4188 1814 4250 si
1866 4186 2240 4273 probaveris
2290 4182 2513 4249 lectio-

317 4303 490 4362 nem,
534 4307 570 4349 a
612 4287 920 4370 particula
964 4283 1118 4354 ὥστ’
1157 4287 1463 4374 apodosis
1508 4291 1630 4353 erit
1674 4288 2013 4369 ordienda,
2057 4291 2134 4354 cf.
2180 4286 2260 4352 ad
2303 4290 2367 4351 Z
2409 4289 2510 4351 10.

321 4389 519 4453 1⁰:351»
555 4391 656 4453 18.

448 4493 610 4558 994⁶
637 4494 722 4558 16
756 4488 963 4560 ἀλλὰ
999 4489 1156 4580 μὴν
1192 4491 1372 4562 οὐδὲ
1407 4532 1485 4543 -
1516 4497 1607 4562 20
1641 4491 2035 4582 ἐχόμενόν
2069 4499 2310 4561 ἐστιν.
2369 4494 2512 4557 Nec
