3109 5175
548 351 690 430 184
1378 351 1450 421 Γ
1491 345 1560 422 3.
1642 345 1831 422 1005
1848 371 1915 420 a.

1435 571 1669 648 CAP.
1738 572 1876 646 111.

683 715 957 783 summa
997 718 1440 803 cognoscendi
1470 718 1812 803 principia
1842 717 2149 802 quoniam
2169 714 2500 800 pertinent
2527 713 2621 778 ad
2645 734 2763 778 ens

551 831 868 910 quatenus
911 831 1012 887 est
1056 844 1194 904 ens,
1240 844 1283 886 a
1316 823 1541 908 prima
1567 819 1988 908 philosophia
2027 843 2108 885 ea
2134 820 2539 906 pertractari
2570 841 2764 903 opor-

550 935 661 1008 tet,
705 926 919 991 1005«
962 927 1261 991 19—b8.
1338 925 1513 990 Eam
1556 924 1926 992 certissimo
1970 925 2255 990 omnium
2289 923 2627 1009 principio
2670 931 2763 985 te-

550 1053 707 1097 me
731 1052 866 1115 par·
900 1038 1019 1112 est,
1063 1031 1245 1095 b8—
1263 1030 1372 1111 18,
1416 1032 1848 1095 certissimum
1892 1039 2104 1094 mrtem
2148 1029 2432 1091 omnium
2466 1034 2566 1090 est
2596 1024 2768 1089 illud

544 1133 967 1221 principium,
1013 1156 1140 1221 quo
1184 1136 1356 1202 idem
1401 1134 1611 1200 eidem
1653 1136 1755 1197 rei
1796 1155 1929 1198 non
1961 1153 2164 1218 posse
2207 1129 2408 1196 simul
2449 1139 2513 1195 et
2549 1132 2766 1195 inesse

554 1247 620 1303 et
660 1259 793 1302 non
835 1239 1050 1301 inesse
1090 1237 1520 1321 contenditur,
1566 1238 1914 1303 hle—34.

693 1357 903 1421 1005·
929 1358 1013 1421 19
1058 1356 1393 1423 λεκτέον
1437 1357 1519 1422 δὲ
1559 1393 1641 1408 -
1679 1358 1769 1423 29
1812 1352 1854 1437 ἡ
1900 1355 2240 1443 θεωρία.
2303 1353 2621 1438 Principia
2657 1371 2768 1417 co·

558 1457 915 1549 gnosoendi
959 1461 1258 1545 qnoniam
1304 1457 1386 1525 ad
1425 1463 1639 1525 omnia
1671 1463 1834 1525 entis
1865 1479 2105 1549 genera
2138 1460 2476 1546 pertinent,
2523 1452 2605 1519 ad
2634 1475 2767 1534 ens,

559 1573 872 1650 qnatenus
915 1572 1017 1628 est
1059 1585 1191 1644 ens,
1235 1564 1457 1629 referri
1496 1576 1780 1651 apparet,
1821 1566 2021 1652 τοῦτο
2063 1557 2194 1649 γὰρ
2238 1559 2465 1637 αὐτοῖς
2506 1551 2584 1623 τὸ
2628 1579 2770 1624 κοι-

558 1661 679 1733 νόν
721 1669 887 1743 «1273
945 1669 1118 1753 atqui
1164 1669 1295 1733 enti
1338 1688 1783 1754 quaecunque,
1842 1677 2155 1754 quatenus
2197 1675 2299 1730 est
2345 1685 2488 1743 enS,
2531 1681 2651 1748 per
2692 1682 2769 1727 se

560 1770 884 1850 accidunt,
931 1792 1011 1836 ea
1057 1773 1269 1836 omnia
1314 1791 1715 1861 cognoscere
1753 1775 1994 1858 primae
2035 1768 2488 1859 philosophiae
2532 1774 2656 1846 est,
2698 1762 2771 1831 id

562 1873 737 1961 qnod
779 1896 917 1961 cap.
964 1876 1009 1940 2
1054 1886 1151 1941 est
1194 1874 1720 1953 demonstratum3
1778 1897 1936 1965 ergo
1998 1874 2279 1941 eiusdem
2335 1875 2579 1959 primae
2631 1870 2772 1958 phi-

560 1975 898 2067 losophiae
942 1989 1041 2045 est
1082 1982 1468 2069 investigare
1512 2001 1752 2046 summa
1796 1977 2234 2068 cognoscendi
2268 1978 2599 2064 principia.
2664 1975 2761 2038 Ea

560 2084 868 2170 principia
926 2082 1156 2170 quibus
1199 2085 1563 2150 nominibus
1608 2081 1895 2172 appellet
1939 2080 2336 2159 Aristoteles,
2380 2100 2570 2166 supra
2614 2099 2771 2144 enu-

562 2189 798 2250 meravi
832 2186 914 2251 ad
943 2187 1011 2252 B
1042 2188 1303 2254 299612
1328 2191 1445 2266 26;
1490 2191 1619 2253 hoe
1661 2186 1811 2253 loco
1858 2185 2033 2274 quod
2080 2208 2156 2251 ea
2200 2184 2357 2251 dicit
2390 2185 2531 2252 «120
2574 2177 2659 2247 τὰ
2697 2186 2771 2247 ἐν

563 2299 705 2366 τοῖς
744 2283 1112 2374 μαθήμασι
1150 2288 1526 2377 καλούμενα
1570 2286 1943 2376 ἀξιώματα,
2002 2289 2225 2355 addito
2269 2289 2609 2374 participio
2653 2307 2775 2351 κα·
2836 2287 2849 2293 ”

564 2386 853 2476 λουμενα
907 2395 1045 2479 ipse
1101 2394 1419 2482 significat
1476 2417 1548 2461 se
1593 2415 1828 2461 nomen
1871 2404 2166 2482 repetere
2214 2414 2290 2457 ex
2332 2391 2773 2456 mathematica

568 2492 929 2582 disciplina,
986 2516 1121 2562 non
1176 2501 1374 2587 ipsam
1431 2521 1594 2576 rem;
1650 2499 2091 2564 mathematica
2149 2499 2317 2562 enim
2374 2493 2646 2584 perinde
2704 2503 2777 2558 ut

567 2598 851 2687 reliquae
897 2599 1224 2668 doctrinae
1266 2603 1364 2668 his
1407 2607 1740 2691 principiis
1786 2607 1873 2669 ita
1920 2606 2132 2682 utitur,
2185 2611 2258 2666 ut
2302 2599 2383 2665 ad
2428 2621 2633 2688 genus
2677 2619 2779 2664 re-

568 2726 707 2770 rum
743 2704 861 2770 sibi
898 2708 1300 2793 propositum
1331 2711 1676 2797 restringat
1711 2711 1864 2788 ⁴126,
1910 2709 1989 2773 cf.
2019 2709 2083 2772 2.
2118 2706 2328 2771 1005:
2356 2706 2467 2770 13:
2511 2703 2580 2784 ἐξ
2613 2701 2778 2770 ὑπο-

569 2808 842 2886 θέσεως.
900 2810 1022 2873 An.
1069 2819 1237 2895 post.
1281 2810 1312 2875 1
1358 2813 1458 2877 10.
1507 2814 1630 2878 76α
1665 2813 1771 2878 39.
1837 2814 1938 2878 11.
1986 2814 2106 2878 770
2142 2811 2250 2876 24.

706 2914 1025 2980 1005a29
1071 2909 1358 3003 διόπερ
1403 2952 1489 2965 —-
1525 2918 1612 2981 122
1657 2914 1750 2983 οὐ
1790 2911 2081 3005 πρώτη.
2157 2911 2619 2999 Philosophiae
2652 2914 2780 2999 pri-

570 3020 733 3082 mae*
755 3039 895 3083 esse
940 3039 1243 3104 quaerere
1292 3018 1374 3084 de
1417 3022 1672 3085 summis
1721 3017 2160 3109 cognoscendi
2204 3019 2552 3105 principiis,
2603 3014 2780 3102 quod

572 3130 758 3185 antea
806 3142 881 3185 ex
923 3123 1016 3185 rei
1061 3133 1284 3186 natura
1330 3121 1814 3201 demonstravit,
1873 3127 1993 3189 iam
2041 3125 2224 3209 quasi
2269 3118 2547 3209 quo'dam
2593 3141 2781 3207 expe-

571 3225 839 3289 rientiae
884 3222 1270 3290 documento
1317 3227 1668 3292 confirmat.
1757 3227 1936 3290 Haec
1992 3231 2159 3293 enim
2218 3229 2529 3313 principia
2587 3245 2779 3311 quum

428 3396 436 3403 ,
573 3327 642 3391 in
686 3349 868 3393 usum
909 3350 1090 3396 suum
1136 3341 1514 3398 convertant
1555 3343 1722 3397 artes
1770 3352 2023 3411 omme,
2080 3330 2260 3398 nulla
2316 3342 2528 3396 tamen
2583 3332 2652 3392 in
2702 3332 2781 3393 iis

576 3430 966 3518 explicandis
1013 3452 1268 3519 operam
1313 3438 1559 3523 posuit3
1610 3435 1687 3499 cf.
1721 3434 1910 3501 Anal.
1956 3436 2186 3523 postl
2227 3436 2331 3501 12.
2382 3435 2496 3501 7711
2522 3434 2589 3499 5:
2632 3434 2784 3520 περὶ

575 3534 646 3600 δὲ
698 3536 831 3602 τῶν
865 3531 1107 3625 ἀρχῶν
1162 3533 1364 3623 λόγον
1421 3537 1541 3625 οὐχ
1594 3536 1910 3629 ὑφεκτέον
1953 3543 2047 3624 τῷ
2090 3540 2417 3628 γεωμέτρῃ
2459 3526 2501 3628 ᾗ
2542 3539 2785 3623 γεωμέ-

575 3658 764 3725 τρης·
810 3635 1053 3724 ὁμοίως
1098 3641 1167 3706 δὲ
1209 3644 1322 3707 καὶ
1365 3646 1471 3710 ἐπὶ
1507 3644 1637 3709 τῶν
1665 3637 1886 3710 ἄλλων
1914 3642 2306 3728 ἐπιστημῶν.
2376 3640 2581 3727 Quod
2614 3644 2783 3706 enim

577 3740 828 3828 physici
871 3742 1124 3830 quidam
1170 3767 1242 3810 ea
1277 3758 1614 3833 'exponere
1644 3758 2074 3834 susceperunt,
2118 3765 2254 3809 non
2286 3755 2604 3834 repugnat
2637 3745 2786 3810 huic

578 3848 930 3912 sententiae
975 3847 1090 3914 sed
1136 3853 1196 3915 ei
1239 3851 1658 3938 suffragatum
1703 3853 1994 3915 nimirum
2038 3860 2381 3938 propterea
2424 3850 2585 3914 haec
2615 3852 2788 3936 prin-

580 3952 742 4037 cipia
789 3951 1199 4040 contemplati
1241 3964 1417 4033 sunt,
1476 3953 1654 4038 quod
1707 3965 1993 4021 naturam
2039 3975 2195 4019 suae
2239 3957 2596 4043 cognitioni
2639 3953 2789 4019 sub·

579 4055 801 4118 iectam
846 4076 981 4121 non
1027 4067 1266 4124 certum
1310 4056 1634 4143 quoddam
1673 4080 1746 4123 ac
1785 4057 2109 4149 singulare
2148 4062 2386 4125 entium
2425 4080 2628 4147 genus
2665 4061 2789 4137 (ἓν

583 4192 666 4207 -
701 4180 764 4222 τι
800 4161 989 4242 γένος
1023 4164 1202 4242 a34)
1241 4182 1384 4226 esse
1423 4164 1947 4242 existimaverunt,
1994 4162 2173 4251 quod
2220 4175 2317 4229 est
2347 4186 2420 4230 re
2457 4182 2623 4241 vera,
2668 4182 2792 4227 neo

579 4261 906 4348 physicam
954 4269 1141 4330 certis
1187 4264 1560 4350 quibusdam
1609 4266 1843 4333 finibus
1887 4270 2421 4356 circumscriptam
2462 4270 2790 4332 scientiam

582 4368 836 4456 (σοφία
875 4391 1001 4443 τις
1033 4371 1138 4447 bl,
1185 4368 1264 4433 cf.
1311 4366 1393 4432 de
1436 4390 1626 4456 pron.
1664 4395 1764 4448 τις
1801 4371 1881 4436 ad
1911 4374 1975 4438 2.
2009 4374 2213 4439 1003b
2238 4374 2383 4453 33),
2429 4370 2543 4438 sed
2589 4374 2792 4437 scien·

582 4470 731 4534 tiam
778 4473 1041 4556 primam
1087 4492 1162 4535 ac
1206 4493 1522 4553 summam,
1568 4498 1727 4561 quae
1774 4497 1888 4542 ens
1934 4480 2232 4543 universe
2269 4498 2345 4541 ac
2377 4497 2499 4564 per
2535 4497 2607 4540 se
2641 4496 2792 4540 con·
