3109 5175
1152 382 1233 451 N
1272 379 1341 454 6.
1406 379 1696 455 ‘1093ae
2385 384 2529 460 595

320 556 431 640 qui
486 555 899 621 minutissima
942 573 1245 643 quaeque
1303 559 1676 645 ‘comparare
1731 560 2290 647 gavisi-graviora
2317 573 2409 642 ¹et
2443 560 2530 627 ad

320 660 516 744 ipsam
572 680 703 723 rem
760 662 1145 746 pertinentia
1201 660 1622 749 neglexerint.
1713 663 1796 726 Et
1840 661 2058 749 quales
2103 663 2340 729 fuet-int
2369 664 2530 732 illae

318 765 621 827 minutiae
675 765 1127 849 interpretum,
1182 765 1484 852 exemplis
1542 767 1651 830 Ar.
1711 763 2012 845 illustrat,
2070 769 2138 834 in
2197 768 2423 854 quibus
2473 773 2527 835 si

318 865 475 953 qm‘d
530 869 735 932 minus
790 866 1085 933 videatur
1125 872 1562 955 perspicuum,
1619 872 1888 956 copiose
1933 868 2016 934 ab
2062 870 2239 938 Alex.
2283 883 2386 938 est
2430 895 2529 939 ει,

318 969 625 1058 plicitum.
697 969 903 1037 Cuhs
932 970 1199 1057 quidem
1234 976 1305 1038 in
1339 976 1872 1061 interpretatione
1908 975 2038 1039 hoc
2067 982 2262 1042 unum'
2297 982 2529 1064 impro-

319 1075 630 1156 baverim,
682 1073 861 1161 quod
916 1075 1137 1141 dextra
1194 1077 1537 1146 hexametri
1591 1087 1775 1165 parte
1829 1078 2178 1168 significari
2225 1091 2407 1167 putat
2448 1074 2527 1147 τὸ

318 1172 458 1245 ἀπὸ
498 1183 619 1260 τῆς
660 1176 871 1264 ἀρχῆς
913 1184 1030 1257 ἕως
1073 1182 1194 1247 τοῦ
1233 1184 1467 1265 μέσου,
1525 1185 1778 1248 sinistra
1834 1178 1912 1247 τὰ
1970 1177 2106 1249 ἀπὸ
2161 1188 2370 1269 μέσον
2412 1190 2529 1262 ἕως

318 1285 441 1349 τοῦ
483 1285 857 1349 τελευταίου
898 1277 1103 1360 ποδὸς
1138 1288 1259 1351 τοῦ
1292 1287 1609 1372 τροχαίου
1641 1309 1705 1372 p.
1736 1287 1884 1363 813,
1919 1287 2038 1362 223
2081 1307 2356 1374 namque
2387 1291 2528 1353 vice

317 1408 499 1451 versa
556 1408 705 1473 pars
760 1390 941 1473 prior
994 1408 1219 1453 versus
1283 1400 1347 1453 et
1390 1388 1815 1454 scribentibus
1863 1399 1928 1454 et
1971 1388 2335 1479 legentibus
2381 1394 2528 1456 sini-

317 1500 445 1553 stra
495 1501 618 1569 est,
664 1512 813 1577 pars
857 1494 1181 1578 posterior
1224 1491 1468 1570 dextra,
1517 1503 1582 1557 et
1623 1491 1733 1557 illa
1781 1492 2056 1579 quidem,
2105 1497 2161 1559 si
2205 1515 2527 1560 caesuram

317 1597 614 1679 posueris
673 1588 796 1675 τὴν
850 1590 1024 1662 κατὰ
1078 1597 1304 1683 τρίτον
1365 1604 1709 1681 τροχαῖον,
1770 1599 2007 1683 pariter
2067 1597 2525 1684 frequentatam

318 1698 605 1761 Homero
651 1720 726 1762 ac
768 1692 891 1778 τὴν
934 1699 1432 1783 πενθημιμερῆ,
1491 1709 1557 1763 et
1602 1701 1792 1764 meris
1840 1721 1876 1764 e
1925 1699 2197 1786 dactylis
2244 1700 2528 1768 hexame-

317 1811 482 1866 trum
532 1800 906 1881 confeceris,
952 1813 1102 1867 octo
1149 1805 1437 1867 continet
1480 1800 1782 1888 syllabas,
1827 1804 1988 1869 haec
2032 1826 2284 1870 novem.

449 1905 535 1988 d)
583 1907 788 1972 1093⁶
827 1908 1088 1986 7-21,
1177 1906 1368 1970 Hunc
1423 1907 1490 1970 in
1548 1906 1808 1972 modum
1860 1911 1914 1971 si
1959 1909 2101 1993 quis
2145 1912 2527 1994 spectaverit

319 2012 667 2076 sententias
716 2029 939 2074 eorum
992 2006 1550 2098 philosophorum,
1609 2013 1718 2096 qui
1773 2031 2183 2077 numerorum
2236 2015 2528 2077 omnino-

319 2134 441 2200 que
498 2115 1072 2180 matbematicarum
1129 2134 1339 2178 rerum
1395 2111 1662 2177 alterum
1707 2133 1911 2201 genus
1957 2114 2331 2201 praedicant
2375 2115 2527 2181 alte-

318 2239 453 2282 rum
485 2221 865 2306 vituperant,
901 2220 1003 2296 117,
1049 2226 1115 2282 et
1151 2214 1308 2281 illud
1350 2215 1602 2302 quidem
1651 2239 1958 2284 causam
2002 2217 2160 2284 boni
2199 2240 2339 2284 esse
2374 2240 2526 2285 con-

321 2321 608 2402 tendunt,
652 2323 779 2388 hoc
822 2320 985 2400 mali,
1021 2308 1124 2399 ³9,
1168 2341 1431 2407 prorsus
1463 2325 1668 2388 omnis
1701 2343 1916 2387 earum
1946 2325 2110 2389 ratio
2145 2344 2526 2389 evanescere

321 2440 386 2491 et
430 2425 511 2491 ad
556 2429 796 2493 irritum
854 2421 1140 2492 recidere
1189 2423 1508 2502 videatur,
1570 2427 1866 2512 quoniam
1912 2424 1995 2492 ad
2040 2425 2282 2493 nullum
2328 2449 2404 2493 ex
2446 2430 2526 2492 iis

319 2551 644 2597 causarum
689 2531 1047 2621 generibus,
1092 2550 1257 2616 quae
1294 2527 1704 2608 distinximus,
1747 2550 2154 2597 numerorum
2190 2530 2527 2597 causalitas

317 2635 545 2700 referri
574 2645 808 2722 potest.
874 2633 1005 2701 Sed
1037 2634 1191 2699 licet
1227 2632 1529 2698 fallantur
1557 2636 1664 2720 qui
1700 2637 1979 2699 numeris
2016 2657 2328 2701 causam
2366 2635 2524 2700 boni

316 2738 547 2805 malive
579 2741 1056 2827 assignaverint,
1102 2736 1342 2823 aliquid
1388 2746 1599 2801 tamen
1642 2739 1778 2801 veri
1825 2759 1900 2802 ex
1946 2758 2165 2804 eorum
2210 2743 2523 2804 sententia

316 2854 557 2920 manet3
617 2846 671 2908 si
731 2844 896 2907 enim
955 2841 1112 2907 duas
1171 2843 1573 2927 posuerimus
1628 2842 2033 2927 συστοιχίας,
2090 2841 2351 2908 alteram
2407 2845 2528 2908 τοῦ

318 2950 528 3013 καλοῦ
571 2947 832 3013 alteram
875 2947 995 3012 τοῦ
1036 2947 1245 3011 κακοῦ
1287 2944 1411 3024 (ef.
1451 2942 1533 3009 ad
1573 2945 1650 3010 A
1690 2946 1747 3010 7.
1792 2946 2003 3010 lona
2034 2946 2193 3025 31),
2249 2944 2358 3010 alii
2411 2965 2525 3011 nu-

319 3056 477 3117 meri
522 3074 633 3119 sua
680 3062 903 3117 natura
951 3049 1034 3115 ad
1077 3048 1277 3129 illam,
1338 3048 1442 3114 alii
1501 3047 1582 3112 ad
1643 3048 1806 3113 banc
1861 3050 2090 3115 seriem
2134 3061 2323 3114 erunt
2364 3048 2523 3114 refe-

317 3155 531 3233 rendi;
577 3177 787 3242 neque
828 3176 987 3220 vero
1034 3156 1281 3220 numeri
1326 3174 1511 3219 causa
1543 3161 1695 3217 sunt
1724 3151 1900 3233 boni,
1945 3174 2151 3241 neque
2180 3153 2348 3219 idem
2380 3150 2524 3218 sub-

318 3262 546 3325 stantia
592 3268 741 3324 sunt
784 3280 860 3322 ac
903 3258 1169 3338 bonum,
1213 3256 1330 3323 sed
1372 3279 1491 3343 per
1535 3256 1894 3346 analogiam
1941 3269 2183 3324 tantum
2230 3257 2312 3322 ad
2356 3257 2525 3322 idem

318 3363 594 3428 redeunt
652 3385 724 3427 ea
784 3383 946 3448 quae
1002 3365 1068 3426 in
1128 3360 1348 3427 eadem
1401 3364 1567 3426 serie
1620 3361 2266 3449 coniunguntur-(iv
2310 3362 2379 3425 δὲ
2423 3362 2524 3443 τῷ

320 3461 659 3550 ἀνάλογον
692 3466 823 3530 1518
838 3470 882 3545 ),
926 3463 1121 3529 veluti
1169 3458 1339 3530 εὐθὺ
1383 3468 1453 3529 ἐν
1495 3461 1704 3550 μήκει,
1748 3469 1818 3530 ἐν
1862 3461 2095 3530 πλάτει
2132 3457 2210 3530 τὸ
2249 3458 2523 3547 ὁμαλόν,

320 3575 394 3637 ἐν
435 3566 713 3655 ἀριθμῷ
756 3562 834 3634 τὸ
878 3564 1182 3654 περιττόν
1223 3567 1380 3645 κτλ.,
1426 3580 1491 3633 et
1536 3564 1903 3652 σύμπτωμα
1939 3566 2044 3632 vel
2083 3570 2324 3632 οἰκεῖον
2360 3586 2523 3650 συμ-

318 3668 605 3758 βεβηκός
647 3673 767 3754 (cf.
811 3671 892 3738 ad
928 3673 983 3739 A
1009 3673 1115 3738 30.
1157 3673 1368 3737 1025a
1396 3672 1524 3752 30)
1567 3691 1975 3737 numerorum
2022 3680 2144 3749 est,
2202 3669 2377 3756 quod
2417 3668 2523 3734 vel

320 3777 481 3844 boni
523 3776 629 3842 vel
673 3776 821 3842 mali
867 3798 1006 3842 cum
1053 3786 1277 3841 natura
1324 3777 1817 3864 coniunguntur.

452 3884 528 3961 e)
576 3883 779 3948 1093b
802 3881 1108 3947 21—24.
1176 3881 1354 3946 Haec
1385 3881 1584 3968 igitur
1616 3878 2023 3945 necessitudo
2054 3899 2244 3965 quum
2273 3897 2344 3942 re
2371 3899 2523 3943 vera

321 3984 677 4052 intercedat
731 3987 1011 4051 numeris
1056 4007 1195 4050 cum
1241 3996 1464 4050 natura
1508 4004 1720 4049 rerum
1765 3986 1901 4048 sive
1946 3982 2122 4048 bona
2164 3984 2302 4047 sive
2344 3979 2523 4061 mala,

324 4109 398 4154 ea
444 4099 617 4154 certe
663 4094 851 4155 unice
896 4089 1065 4154 cadit
1108 4092 1175 4155 in
1219 4109 1520 4155 numeros
1565 4089 2068 4163 mathematicos3
2125 4084 2366 4151 ideales
2411 4107 2524 4150 nu·

320 4195 493 4269 meri,
537 4195 879 4280 compositi
920 4192 1016 4258 illi
1063 4215 1135 4259 ex
1182 4193 1527 4259 unitatibus
1571 4195 1737 4257 inter
1779 4212 1852 4255 se
1890 4189 2155 4256 diversis
2196 4201 2261 4254 et
2288 4193 2524 4253 incom-

316 4294 740 4384 putabilibus,
800 4296 1069 4362 eundem
1126 4320 1304 4363 usum
1352 4297 1432 4363 ad
1478 4293 1911 4383 explicandam
1957 4290 2522 4380 comparandamve

322 4411 607 4465 naturam
670 4399 1036 4465 barmoniae
1098 4399 1441 4466 aliarumve
1501 4422 1712 4466 rerum
1775 4421 1849 4464 ex
1911 4395 2172 4484 paribus
2229 4398 2396 4460 inter
2451 4415 2521 4459 se

242 4556 255 4563 ,
322 4504 673 4570 unitatibus
715 4507 1135 4570 constantium
1177 4502 1413 4568 babere
1453 4512 1797 4590 nequeunt.
1874 4502 2095 4588 ltaque
2145 4500 2303 4566 baec
2352 4508 2523 4565 certe

2015 4607 2084 4660 38
2101 4605 2125 4631 ⁶
