3109 5175
545 333 642 413 48
1392 339 1467 410 A
1514 333 1587 408 2.
1662 333 1889 411 98201.

549 517 608 580 l.
653 515 823 579 981⁶
863 514 961 592 7),
1008 512 1368 579 Alexander
1411 537 1473 599 p.
1510 516 1584 592 9,
1635 515 1716 578 19
1761 512 2154 591 Stoicorum,
2198 513 2266 577 ni
2309 510 2530 591 fallor,
2571 531 2752 577 more

546 627 693 705 apte
752 609 978 692 κοινὰς
1029 617 1142 681 καὶ
1199 611 1481 705 φυσικὰς
1535 616 1669 681 τῶν
1722 610 2109 700 ἀνθρώπων
2152 617 2410 691 ἐννοίας
2455 611 2752 700 appellat,

547 743 685 787 eam
742 719 964 786 tribuit
1018 723 1174 798 vim,
1234 731 1305 785 nt
1358 740 1493 784 non
1552 719 1744 807 plane
1789 742 1826 785 a
1871 722 2138 784 veritate
2185 718 2433 783 alienae
2480 739 2619 783 esse
2663 721 2756 782 vi-

547 824 836 903 deantur,
883 824 961 889 cf.
1007 822 1089 889 de
1127 821 1318 888 divin.
1352 825 1412 888 l.
1454 823 1616 890 462⁶
1647 826 1748 889 14.
1824 824 2007 888 Hanc
2052 825 2491 888 auctoritatem
2538 844 2613 887 ac
2657 820 2757 887 di·-

544 934 848 1018 gnitatem
888 949 1076 1016 quum
1115 926 1353 992 tribuat
1386 926 1663 1016 vulgatis
1699 929 2021 993 hominum
2063 925 2326 1004 iudiciis,
2369 929 2580 991 mirari
2618 945 2755 991 non

547 1032 868 1112 debemus,
902 1029 1079 1117 quod
1109 1052 1231 1117 qua
1262 1033 1364 1095 via
1395 1033 1472 1096 iis
1508 1042 1604 1097 est
1634 1030 2072 1110 incedendum,
2104 1034 2209 1118 qui
2242 1030 2399 1096 nihil
2431 1030 2604 1097 allud
2633 1032 2756 1096 nisi

549 1137 898 1203 nominis
956 1134 1220 1200 alicuius
1275 1133 1807 1222 significationem
1868 1146 1938 1220 et,
1984 1158 2162 1201 usum
2209 1138 2597 1200 constituere
2639 1153 2758 1199 vo·

546 1239 690 1306 lunt
718 1275 803 1287 —
834 1240 931 1304 his
978 1242 1142 1303 enim
1188 1237 1617 1325 quaerendum
1665 1248 1780 1319 est,
1823 1260 1946 1325 qua
1991 1241 2052 1303 vi
2099 1238 2258 1305 illud
2306 1260 2539 1303 nomen
2578 1257 2757 1303 usur-

546 1355 704 1433 pent
738 1343 1044 1422 homines,
1082 1341 1234 1429 quid
1272 1344 1330 1407 ei
1364 1342 1646 1407 tribuant
1678 1380 1780 1423 —-,
1830 1341 2094 1407 eandem
2131 1346 2374 1409 insistat
2411 1341 2518 1408 ubi
2557 1343 2755 1428 ipsius

548 1450 666 1513 rei
711 1457 954 1526 natura,
997 1467 1119 1511 nec
1162 1447 1506 1511 nominis
1550 1457 1794 1511 tantum
1838 1447 2221 1535 significatio
2262 1446 2342 1512 ad
2373 1448 2757 1532 investigan-

549 1548 697 1616 dum
735 1560 831 1615 est
866 1553 1218 1638 proposita.
1285 1551 1381 1615 Ita
1409 1553 1477 1614 iu
1507 1550 1927 1635 physicorum
1963 1549 2130 1616 libro
2160 1552 2256 1616 IV
2303 1548 2381 1613 ad
2428 1550 2757 1616 invenien-

549 1653 692 1721 dam
736 1656 928 1742 spatii
972 1675 1047 1718 ac
1090 1657 1393 1740 temporis
1438 1656 1800 1733 notionem,
1852 1657 1919 1718 in
1961 1654 2208 1720 'Ethicis
2251 1654 2398 1719 Nic.
2442 1655 2538 1717 vl
2586 1655 2622 1719 7
2671 1651 2756 1717 ad

550 1756 979 1826 definiendam
1027 1761 1393 1844 sapientiam
1430 1779 1466 1820 a
1507 1758 1947 1822 communibus
1986 1780 2062 1822 ac
2096 1756 2374 1845 vulgatis
2410 1756 2756 1842 proficisci-

548 1873 654 1929 tur
688 1862 1011 1929 hominum
1053 1862 1483 1950 opinionibus,
1530 1881 1782 1946 easque,
1826 1883 2015 1947 quum
2052 1860 2342 1949 singulae
2383 1859 2650 1948 singulis
2687 1862 2756 1925 in

548 1970 722 2033 notis
765 1969 1095 2045 haereant,
1153 1968 1334 2052 quasi
1380 1987 1567 2031 uuam
1614 1968 1682 2029 in
1726 1985 2027 2029 summam
2072 1964 2329 2054 redigit;
2392 1962 2613 2030 eadem
2657 1983 2756 2028 ra-

546 2075 727 2138 tione
784 2091 934 2136 usus
990 2071 1116 2135 hoc
1161 2069 1309 2135 loco
1354 2072 1704 2156 sapientiae
1750 2072 2080 2136 notionem
2127 2071 2212 2134 ita
2256 2071 2630 2155 investigat,
2685 2080 2757 2132 ut

546 2174 858 2263 singulae,
902 2194 1063 2260 quae
1106 2172 1307 2261 vulgo
1354 2177 1413 2239 ei
1457 2172 1848 2252 tribuuntur,
1893 2184 2097 2252 notas,
2141 2194 2330 2259 quum
2375 2170 2629 2257 quidem
2673 2168 2755 2236 ad

550 2282 761 2344 omnia
813 2299 950 2342 eam
996 2280 1317 2364 pertinere
1363 2286 1430 2341 et
1472 2275 1905 2341 difficillimam
1950 2298 2090 2342 esse
2127 2286 2196 2340 et
2233 2277 2758 2341 accuratissimam

552 2393 618 2448 et
660 2381 742 2447 ad
788 2381 1149 2448 docendum
1196 2383 1576 2468 aptissimam
1623 2401 1833 2466 neque
1876 2378 2006 2445 alio
2049 2378 2445 2444 referendam
2492 2389 2557 2444 et
2591 2389 2758 2444 cete-

544 2505 756 2552 rarum
801 2484 1273 2573 disciplinarum
1320 2484 1635 2550 dominam
1678 2503 1818 2548 esse
1857 2495 2156 2562 statuunt,
2204 2502 2313 2549 eas
2353 2503 2574 2548 omnes
2617 2503 2759 2569 per-

548 2595 757 2657 tinere
801 2590 1035 2656 doceat
1075 2590 1156 2656 ad
1200 2590 1676 2679 indagationem
1720 2591 2057 2675 primarum
2103 2608 2446 2654 carnarum.

684 2696 769 2761 Et
821 2698 1086 2781 primum
1146 2693 1397 2781 quidem
1456 2692 1631 2780 quod
1687 2695 1899 2757 omnia
1956 2696 2120 2757 scire
2176 2694 2430 2779 sapiens
2481 2700 2759 2778 putatur,

552 2808 735 2864 caute
781 2797 1026 2863 addidit
1070 2795 1157 2875 ὡς
1201 2799 1523 2883 ἐνδέχεται
1559 2800 1667 2874 ⁶9,
1712 2795 2020 2883 siquidem
2062 2795 2204 2861 fieri
2248 2816 2382 2861 non
2426 2804 2645 2881 potest
2685 2805 2760 2861 ut

551 2898 836 2991 singulas
878 2923 984 2967 res
1029 2906 1352 2988 quisquam
1398 2922 1620 2968 omnes
1647 2896 1888 2963 'habeat
1928 2902 2235 2988 cognitas,
2277 2895 2371 2982 μὴ
2405 2896 2572 2963 καθ’
2607 2904 2760 2965 ἕκα-

551 3024 711 3071 στον
743 3007 977 3088 ἔχοντα
1007 3001 1369 3090 ἐπιστήμην
1399 3002 1646 3072 αὐτῶνε
1684 3002 2011 3091 colligitur
2035 3013 2240 3067 autem
2271 3003 2421 3069 inde
2445 3004 2758 3069 uzi—28

550 3111 815 3173 maxime
856 3108 1277 3174 universalem
1324 3131 1464 3174 eam
1510 3118 1817 3196 oportere
1862 3126 2003 3171 esse
2056 3109 2411 3187 scientiam,
2468 3128 2632 3193 quae
2675 3107 2759 3173 ad

552 3215 767 3277 omnia
813 3202 1134 3298 pertinere
1178 3213 1511 3279 iudicetur.
1601 3209 2042 3278 Universalem
2094 3214 2260 3275 enim
2307 3214 2417 3298 qui
2461 3212 2763 3297 concepit

551 3319 900 3395 notionem,
946 3319 1000 3379 is
1047 3313 1180 3381 οἶδέ
1224 3337 1387 3392 πως
1428 3311 1649 3380 πάντα
1694 3307 1777 3378 τά
1821 3311 2234 3398 ὑποκείμενα.
2326 3316 2481 3380 Non
2523 3315 2760 3401 simpli-

553 3422 713 3485 citer
756 3419 871 3485 sed
916 3418 1387 3505 quodammodo
1426 3441 1569 3484 eum
1608 3421 1994 3507 cognovisse
2031 3418 2187 3484 dicit
2215 3414 2435 3485 πάντα
2472 3412 2558 3483 τὰ
2593 3416 2758 3484 ὑπο-

551 3526 844 3610 κείμενα,
901 3524 1199 3609 quoniam
1257 3526 1321 3588 in
1371 3523 1709 3587 universali
1756 3527 2026 3589 notione
2070 3545 2206 3588 non
2249 3534 2424 3601 actu,
2483 3521 2596 3588 sed
2641 3542 2759 3609 po·

550 3631 750 3693 tentia
810 3629 1217 3693 continentur
1275 3624 1566 3715 singulae
1611 3644 1716 3689 res
1774 3646 1936 3711 quae
1981 3629 2038 3690 ei
2083 3637 2233 3692 sunt
2276 3627 2624 3705 subiectae,
2676 3624 2757 3690 cf.

555 3730 738 3796 Anal.
785 3740 934 3818 post
977 3731 1008 3795 1
1048 3731 1157 3794 24.
1203 3731 1439 3795 86:122
1482 3750 1634 3814 sqq„
1681 3729 1871 3814 Phys.
1903 3730 2030 3795 Vll
2060 3732 2120 3795 3.
2161 3733 2324 3797 247⁶
2345 3734 2410 3809 6,
2453 3726 2759 3795 Trendel.

553 3834 753 3899 Elem.
800 3834 857 3920 ἓ.
889 3836 955 3898 6.
1024 3834 1149 3898 Eas
1197 3844 1404 3898 autem
1447 3853 1550 3896 res
1597 3831 1878 3921 singulas
1925 3835 2173 3897 notioni
2218 3833 2537 3898 subiectas
2582 3833 2760 3920 quod

550 3934 873 4001 vocabulo
931 3935 1325 4021 ὑποκείμενα
1379 3936 1726 4025 significat,
1783 3957 1917 4001 non
1973 3956 2230 4023 possum
2280 3936 2559 4013 eiusdem
2603 3958 2758 4003 um

555 4038 677 4104 alia
725 4058 797 4105 ex
845 4040 1205 4106 Aristotelis
1264 4038 1443 4106 libris
1489 4042 1718 4106 afferre
1775 4038 2084 4126 exempla,
2142 4060 2513 4128 quamquam
2561 4064 2636 4107 ex
2681 4063 2760 4108 ea

551 4147 633 4223 vi,
680 4166 863 4230 quam
908 4144 1108 4233 vulgo
1155 4144 1323 4231 apud
1372 4144 1781 4211 Aristotelem
1826 4144 2042 4224 habet,
2083 4144 2272 4210 facile
2316 4145 2478 4211 haec
2517 4146 2761 4235 signifi-

556 4252 724 4313 catio
779 4250 986 4336 repeti
1030 4260 1264 4337 potest.
1352 4250 1603 4327 Etenim
1659 4241 1738 4312 τὸ
1793 4246 2222 4334 ὑποκείμενον
2278 4270 2468 4335 quum
2525 4261 2638 4316 aut
2689 4249 2758 4316 id

555 4350 874 4440 significet
916 4353 1089 4438 quod
1135 4353 1465 4419 subiicitur
1507 4351 1614 4416 vel
1658 4352 1903 4418 formae
1945 4375 2075 4418 rem
2119 4351 2447 4421 definienti
2484 4356 2547 4420 3.
2587 4356 2759 4421 983«

556 4456 664 4522 30.
708 4457 878 4522 984ae
911 4454 999 4523 22
1045 4456 1149 4527 vel
1195 4456 1628 4524 accidentibus
1673 4458 1767 4523 rei
1810 4458 1874 4523 3.
1911 4458 2081 4523 98341
2107 4458 2210 4521 16.
2272 4457 2334 4520 Ζ
2357 4459 2420 4525 3.
2467 4458 2678 4526 1029ι
2703 4460 2761 4538 1,
