3109 5175
1150 370 1228 441 A
1276 369 1346 442 5.
1424 368 1652 443 9860.
2201 415 2210 424 ·
2407 375 2496 450 81

294 565 354 630 p.
390 543 523 610 453
558 567 618 632 q,
670 563 747 609 ex
792 563 922 630 quo
966 541 1194 631 reliqui
1237 557 1620 632 repetuntur
1661 550 1906 613 numeri
1952 559 2019 613 et
2062 569 2200 614 cum
2247 553 2323 615 iis
2370 554 2506 617 uni-

290 668 513 713 versus
570 646 873 725 mundus,
929 644 1271 736 ἀριθμοὺς
1327 651 1397 717 δὲ
1446 645 1567 715 τὸν
1612 646 1772 717 ὅλον
1815 648 2131 740 οὐρανόν,
2189 653 2268 718 cf.
2317 657 2407 720 M
2439 660 2501 721 6.

294 753 498 818 1⁰81»
526 753 630 817 18.
673 755 749 819 Ν
773 755 836 818 3.
880 752 1086 818 loson
1110 754 1201 821 20
1232 773 1367 842 sqq.
1414 755 1487 820 A
1514 757 1579 820 6.
1615 757 1776 822 98Ίὸ
1800 755 1907 821 27.
1951 756 2035 822 de
2080 756 2270 823 coelo
2304 758 2396 824 111
2441 761 2501 824 l.

420 963 591 1028 986-
617 959 709 1024 22
753 963 1020 1046 ἕτεροι
1062 960 1146 1026 δὲ
1190 964 1344 1029 τῶν
1389 958 1656 1028 αὐτῶν
1692 998 1775 1013 -
1814 965 1896 1027 bl
1941 958 2500 1055 ἀπεφήναντο.

286 1065 421 1130 Eos
468 1086 545 1130 ex
588 1063 1044 1152 Pythagoreis,
1104 1066 1213 1150 qui
1255 1064 1361 1130 vel
1406 1064 1628 1131 decem
1673 1064 1779 1131 vel
1822 1061 2189 1133 indefinitas
2232 1089 2500 1135 numero

287 1163 699 1244 ἐναντιώσεις
741 1189 863 1254 pro
907 1171 1236 1255 principiis
1278 1181 1654 1257 posuerant,
1695 1168 2030 1259 distinguit
2071 1171 2324 1257 quidem
2360 1174 2500 1238 Ari-

284 1271 556 1338 stoteles
600 1276 907 1356 (ἕτεροι
952 1273 1063 1354 δέ)
1110 1272 1193 1338 ab
1238 1277 1332 1354 iis,
1377 1297 1646 1362 quorum
1692 1274 1889 1340 modo
1936 1278 2233 1361 exposuit
2267 1276 2501 1342 doctri-

283 1398 459 1454 nam3
505 1374 623 1441 sed
666 1373 827 1440 illud
873 1373 1210 1443 discrimen
1256 1398 1388 1443 non
1426 1378 1511 1443 ad
1553 1382 1760 1465 ipsum
1792 1378 2237 1466 philosophiae
2266 1381 2500 1466 Pytha·

284 1483 554 1569 goi-icae
609 1479 1085 1547 fundamentum
1142 1485 1489 1567 pertinere,
1548 1483 1666 1548 sed
1710 1487 1774 1548 in
1824 1505 1904 1549 eo
1950 1487 2156 1561 cerni,
2214 1483 2388 1569 quod
2433 1486 2500 1549 hi

285 1606 475 1650 unam
523 1582 837 1671 quandam
882 1598 1125 1670 partem
1170 1584 1361 1651 latius
1404 1591 1721 1673 persecuti
1765 1598 1945 1666 sunt,
1998 1608 2156 1652 vere
2206 1592 2501 1673 exposuit

285 1688 502 1755 Zeller
546 1689 595 1754 1.
640 1712 700 1775 p.
738 1689 867 1753 103
911 1709 1003 1774 sq.
1092 1691 1401 1756 Nimirum
1460 1694 1817 1778 primariam
1874 1690 2046 1757 illam
2093 1695 2500 1757 contrarieta-

283 1803 425 1873 tem,
473 1815 639 1881 quae
686 1803 785 1858 est
828 1795 993 1857 inter
1032 1797 1238 1881 πέρας
1283 1806 1347 1860 et
1390 1790 1680 1880 ἄπειρον,
1723 1816 1844 1881 per
1887 1798 2241 1860 universam
2286 1817 2497 1862 rerum

282 1908 572 1963 naturam
619 1900 969 1982 persecuti,
1015 1919 1428 1990 quaecunque
1473 1902 1956 1964 contrarietates
2000 1898 2170 1963 illius
2214 1899 2502 1965 similitu-

282 2000 498 2067 dinem
543 2001 828 2066 referunt
873 2004 931 2065 ei
976 2000 1413 2081 subiecerunt,
1471 2004 1608 2066 sive
1662 2004 2021 2088 potissimas
2075 2023 2344 2067 numero
2389 2002 2498 2068 de-

281 2107 498 2184 nario,
548 2107 837 2170 nimirum
884 2105 1312 2195 Pythagoreis
1370 2109 1677 2193 augusto‘,
1734 2105 2075 2192 complexi,
2129 2108 2268 2170 sive
2311 2105 2496 2171 nullo

280 2229 551 2275 numero
609 2230 717 2274 eas
776 2210 1184 2277 circumcludi
1240 2213 1390 2287 rati3
1448 2229 1683 2296 easque
1737 2211 2220 2274 contrarietates
2265 2231 2500 2297 posue-

279 2324 429 2379 runt
474 2304 647 2376 κατὰ
691 2316 1100 2400 συστοιχίαν,
1145 2306 1265 2391 τὰς
1307 2306 1479 2378 κατὰ
1522 2314 1905 2398 συστοιχίαν
1948 2312 2306 2397 λεγομένας
2340 2316 2494 2380 α23.

281 2412 628 2501 σύστοιχος
673 2428 738 2482 et
781 2420 1140 2502 συστοιχία,
1184 2418 1484 2484 translata
1530 2416 1640 2482 illa
1689 2415 2004 2484 vocabula
2050 2415 2129 2480 ab
2166 2416 2495 2484 ordinibus

278 2520 383 2585 vel
427 2517 696 2585 militum
743 2520 849 2587 vel
895 2522 1073 2589 chori
1120 2522 1240 2606 (cf.
1280 2520 1444 2588 Poll.
1474 2521 1574 2587 IV
1619 2521 1767 2588 1⁰8.
1831 2523 1990 2587 Xen.
2027 2518 2244 2587 conv.
2281 2522 2342 2602 2,
2387 2524 2493 2588 20.

279 2624 486 2690 Anah.
516 2625 582 2687 V
612 2626 674 2704 4,
709 2627 836 2706 12)
883 2625 963 2691 ad
1009 2630 1290 2692 rationes
1334 2629 1688 2704 notionum,
1734 2624 1887 2712 quid
1930 2624 2296 2713 significent
2323 2626 2496 2712 apud

283 2727 708 2808 Aristotelem,
755 2728 1100 2818 diligenter
1129 2734 1422 2817 exposuit
1442 2728 1673 2794 Waitz
1705 2729 1787 2795 ad
1817 2730 1980 2818 Org.
2012 2730 2090 2794 11.
2125 2748 2192 2813 p.
2217 2730 2351 2794 338
2380 2748 2498 2816 sq„

281 2854 469 2920 quam
508 2831 763 2919 quidem
799 2831 1294 2920 disputationem
1324 2836 1428 2899 hic
1457 2831 1821 2898 adhibuisse
1852 2831 2143 2911 sufficiet,
2182 2831 2333 2897 licet
2359 2853 2496 2898 non

281 2941 581 3017 omnium,
625 2959 788 3024 quos
833 2938 1061 3019 attufit,
1108 2938 1398 3004 locorum
1440 2937 2032 3022 interpretationem
2074 2939 2313 3021 possim
2341 2958 2498 3022 pro-

279 3042 452 3108 bare.
546 3043 941 3131 Pythagorei
993 3046 1191 3132 igitur
1232 3046 1537 3108 notiones
1583 3038 1883 3126 quasdam
1928 3041 2253 3127 priman'as
2294 3043 2384 3105 ita
2426 3042 2496 3107 iu

281 3145 441 3213 duas
485 3149 685 3213 series
728 3150 897 3211 inter
940 3168 1011 3212 se
1056 3149 1385 3234 oppositas
1439 3145 1888 3222 distinxerunt,
1945 3154 2020 3208 ut
2075 3164 2242 3230 quae
2280 3146 2346 3208 in
2393 3164 2498 3208 ea-

279 3249 425 3317 dem
468 3254 637 3316 serie
680 3254 817 3317 sive
875 3254 1219 3335 συστοιχίᾳ
1275 3261 1515 3329 essent,
1570 3247 1772 3313 veluti
1828 3249 2035 3335 πέρας
2075 3242 2380 3334 περιττόν
2425 3252 2496 3313 ἔν

279 3349 585 3438 ἀγαθόν,
640 3355 961 3442 qualitatis
1006 3354 1110 3420 vel
1153 3353 1481 3420 relationis
1526 3349 1798 3439 quadam
1841 3349 2252 3416 similitudine
2294 3354 2496 3416 conti-

279 3468 601 3538 nerentur,
644 3468 710 3524 et
752 3480 927 3523 snam
975 3479 1263 3545 quaeque
1307 3462 1491 3525 notio
1537 3457 1902 3541 oppositam
1939 3456 2270 3518 notionem
2305 3453 2494 3519 habe-

280 3574 378 3628 ret
423 3565 491 3627 in
536 3560 736 3627 altera
779 3565 977 3640 serie,
1032 3562 1233 3627 veluti
1274 3565 1480 3647 πέρας
1524 3553 1829 3646 ἄπειρον,
1881 3552 2186 3642 περιττόν
2229 3552 2494 3643 ἄρτιονς

280 3687 401 3752 qua
449 3664 669 3731 eadem
715 3669 967 3731 ratione
999 3664 1376 3731 Aristoteles
1412 3686 1564 3730 usus
1603 3684 1746 3728 esse
1779 3659 2035 3725 videtur
2065 3662 2134 3724 in
2170 3681 2262 3738 ea,
2307 3680 2496 3747 quam

279 3774 533 3857 saepius
591 3780 1072 3848 commemorat,
1130 3769 1443 3856 διαιρέσει
1492 3769 1624 3833 τῶν
1669 3765 2016 3842 ἐναντίων,
2073 3764 2152 3827 cf.
2199 3762 2300 3828 ad·
2327 3764 2396 3827 Γ
2429 3765 2492 3829 2.

283 3875 485 3939 lomb
508 3876 617 3940 34.
694 3874 908 3959 Quum
956 3884 1165 3939 antem
1210 3873 1552 3957 συστοιχία
1599 3892 1735 3934 eam
1780 3864 1978 3934 modo
2026 3869 2251 3932 seriem
2298 3869 2498 3955 signi-

280 3974 446 4058 ficet,
493 4001 617 4065 qua
648 3981 817 4044 inter
843 3999 912 4043 se
944 3981 1325 4044 coniunctae
1354 3986 1504 4041 sunt
1535 3976 1837 4039 notiones
1877 3970 2351 4058 quodammodo
2389 3990 2494 4035 co·

280 4092 511 4169 gnatae
555 4083 675 4165 (cf.
722 4081 873 4147 Γ2.
913 4080 1252 4147 1⁰041227:
1296 4081 1428 4145 τῶν
1470 4078 1788 4143 ἐναντίων
1832 4075 1873 4156 ἡ
1918 4079 2108 4162 ἑτέρα
2153 4075 2498 4159 συστοιχία

282 4188 595 4270 στέρησις.
648 4187 725 4253 Λ
757 4187 818 4252 7.
861 4187 1073 4251 1072ae
1096 4187 1201 4264 31,
1231 4186 1339 4250 35.
1386 4186 1463 4249 Ν
1483 4185 1546 4247 6.
1587 4183 1788 4247 105)θό
1815 4183 1957 4262 13),
2001 4200 2126 4244 nec
2157 4198 2318 4242 vero
2356 4178 2496 4241 uni-

281 4308 529 4354 versum
579 4300 858 4375 systema
905 4287 1169 4353 duarum
1214 4289 1520 4353 serierum
1567 4287 1737 4349 inter
1777 4306 1849 4349 se
1895 4285 2364 4370 oppositarum,
2417 4298 2498 4343 ea

282 4388 491 4472 lectio,
537 4415 723 4480 quam
769 4390 1129 4458 Alexander
1171 4390 1424 4457 videtur
1466 4391 1535 4454 in
1577 4398 1754 4454 textu
1799 4388 2094 4455 hahuisse
2135 4375 2311 4449 κατὰ
2355 4402 2496 4447 σ-υ-

281 4497 657 4582 στοιχίας
690 4519 754 4583 p.
784 4497 890 4575 31,
923 4497 1015 4561 30
1038 4494 1255 4567 ,habet
1300 4514 1457 4560 sane
1495 4510 1612 4559 cur
1643 4486 1927 4579 placeat3
1971 4492 2027 4556 si
2055 4507 2220 4553 vero
2254 4489 2322 4552 in
2359 4482 2498 4551 vul-

366 4601 570 4655 Aram
596 4602 815 4673 metaph.
840 4603 921 4655 ea.
944 4601 1128 4656 nonin
1150 4600 1264 4653 vol.
1289 4599 1351 4653 11.
2054 4596 2087 4647 s
