3109 5175
1121 397 1198 467 A
1245 394 1313 467 4.
1388 393 1534 468 985
1552 394 1618 467 ι.
1931 355 1944 368 ’
2378 393 2476 469 75

275 589 445 638 σαν.
512 572 876 659 Leucippus
922 580 989 635 et
1030 571 1168 635 eius
1204 568 1551 656 discipulus
1598 570 1762 650 (hoc
1797 572 1961 636 enim
1990 570 2334 659 significari
2361 593 2479 638 no·

274 665 440 741 mine
485 679 749 759 ἑταῖρος
790 685 1012 738 monet
1054 671 1134 738 C.
1176 674 1250 738 F.
1288 674 1612 738 Hermann
1658 673 1891 738 Gesch.
1936 698 1999 740 u.
2031 676 2203 762 Syst.
2235 675 2396 741 Plat.
2426 676 2475 742 1.

273 804 335 867 p.
364 780 520 856 284,
564 780 670 843 61.
718 777 798 842 cf.
835 775 1119 842 Mullach
1152 777 1504 842 Democrit.
1549 779 1769 866 fragm.
1815 800 1876 864 p.
1899 779 1955 841 -9
1999 789 2136 844 not.
2210 779 2480 845 Krische

274 882 734 969 Forschungen
763 903 827 966 p.
865 881 1030 960 145)
1074 880 1496 958 Democritus,
1539 891 1612 946 nt
1650 891 1860 946 motus
1904 884 2174 970 cogitari
2215 884 2478 947 omnino

273 988 474 1071 possit
518 1005 685 1050 neve
728 986 793 1047 in
841 983 1185 1047 Eleaticam
1230 982 1519 1049 recidant
1574 982 2106 1064 immobilitatem,
2165 982 2480 1049 adversati

273 1086 647 1164 Parmenidi,
691 1090 800 1174 qni
845 1090 1207 1151 universum
1251 1086 1509 1173 plenum
1557 1108 1697 1152 esse
1744 1091 1906 1151 entis
1950 1089 2188 1166 statuit,
2230 1089 2368 1154 πᾶν
2410 1087 2481 1154 δὲ

272 1193 467 1255 πλέον
516 1192 695 1256 ἐστὶν
739 1184 964 1266 ἐόντος
1006 1212 1066 1254 ν.
1115 1192 1200 1255 79
1248 1191 1484 1268 Karst„
1537 1194 1812 1277 spatium
1869 1212 2135 1255 vacuum
2178 1195 2247 1255 in
2289 1213 2361 1254 re
2404 1212 2484 1255 ac

274 1297 542 1358 veritate
601 1315 742 1358 esse
788 1292 1203 1358 contendunt.
1296 1293 1496 1379 Quod
1553 1292 1807 1380 quidem
1860 1288 2052 1358 mciv
2108 1315 2480 1381 quamquam

276 1399 359 1461 ita
402 1409 751 1482 opponunt
793 1395 1202 1482 corpusculis,
1247 1418 1410 1483 quae
1453 1400 1531 1461 iis
1577 1406 1726 1461 sunt
1767 1393 1809 1475 ἡ
1853 1392 2240 1482 ὑποκειμένη
2285 1395 2484 1463 οὐσία

274 1502 414 1579 ⁶10,
459 1509 535 1565 ut
566 1500 733 1564 hanc
769 1501 880 1566 δέν
923 1500 1133 1580 (Plnt.
1166 1499 1308 1566 adV.
1340 1499 1490 1567 Col.
1522 1524 1588 1592 p.
1620 1502 1835 1579 1109)
1875 1498 1986 1563 vel
2023 1494 2119 1578 ὄν,
2161 1499 2319 1564 illud
2353 1523 2483 1585 μη-

276 1603 384 1667 δέν
426 1601 541 1667 vel
581 1601 674 1687 μὴ
720 1596 800 1667 ὄν
842 1602 1185 1690 appellent,
1228 1614 1439 1670 tamen
1482 1595 1687 1690 ipsum
1728 1602 1889 1668 illud
1925 1596 2017 1686 μὴ
2052 1596 2132 1668 ὄν
2156 1623 2310 1667 vere
2341 1623 2484 1668 esse

277 1715 581 1784 statuunt,
624 1706 888 1793 perinde
934 1728 1009 1771 ac
1044 1706 1150 1772 vel
1188 1711 1328 1795 ipse
1357 1706 1768 1773 Parmenides
1795 1710 1863 1771 in
1894 1704 2206 1793 opinabili
2235 1704 2343 1770 illa
2375 1727 2486 1794 ge-

274 1812 627 1874 nerationis
685 1810 1111 1897 explicatione
1155 1835 1344 1897 quum
1389 1810 1682 1899 frig-idam
1727 1821 2011 1876 naturam
2056 1808 2139 1874 ad
2183 1830 2484 1875 non-ens

276 1913 561 1990 referret,
606 1934 747 1978 esse
795 1935 930 1978 eam
977 1914 1176 1980 nihilo
1222 1917 1427 1980 secius
1470 1915 1695 1993 voluit,
1738 1917 1798 1979 5.
1843 1916 2014 1979 987⁶
2055 1915 2111 1990 l,
2153 1913 2260 1978 vel
2298 1914 2484 1979 Plato

276 2027 343 2080 ut
373 2017 698 2104 effugeret
726 2018 1172 2083 Parmenideas
1205 2022 1728 2083 ratiocinationes
1763 2019 2184 2082 exsistentiam
2214 2038 2487 2082 non-en-

277 2123 352 2184 tis
395 2119 937 2206 comprobandam
974 2122 1094 2186 sibi
1127 2126 1389 2208 putavit,
1419 2127 1497 2188 N
1516 2126 1579 2188 2.
1619 2123 1824 2187 108911
1847 2123 1892 2184 2
1923 2142 2058 2206 sqq.
2091 2155 2178 2169 —
2222 2115 2327 2185 διὸ
2354 2122 2488 2199 καὶ,
2566 2136 2583 2150 ·

277 2226 361 2287 ait
401 2223 787 2288 Aristoteles
824 2226 926 2304 ⁶8,
978 2223 1188 2292 οὐθὲν
1227 2227 1489 2310 μᾶλλον
1534 2220 1608 2292 τὸ
1653 2220 1733 2291 ὄν
1775 2225 1902 2289 τοῦ
1940 2218 2034 2307 μὴ
2081 2216 2275 2300 ὄντος
2318 2219 2488 2291 εἶναι

279 2347 505 2416 φασιν,
549 2322 654 2392 ὄτι
697 2325 847 2394 οὐδὲ
892 2322 969 2394 τὸ
1004 2322 1196 2395 κενὸν
1232 2330 1351 2398 τοῦ
1378 2324 1701 2413 σώματος.
1770 2330 2063 2393 Extrema
2091 2326 2287 2391 verba
2319 2326 2486 2393 adeo
2521 2395 2548 2408 ,

277 2432 618 2495 manifesto
664 2441 814 2495 sunt
856 2443 1188 2519 corrupta,
1242 2442 1316 2498 ut
1365 2454 1498 2498 non
1552 2415 2010 2497 abstinuissem·
2035 2454 2074 2495 a
2119 2430 2489 2517 recipienda

279 2536 344 2599 in
373 2543 613 2600 textum
645 2539 1028 2617 coniectura,
1057 2539 1109 2601 si
1139 2539 1290 2602 satis
1321 2536 1570 2602 facilem
1600 2539 1980 2602 invenissem
2011 2534 2340 2602 medelam.
2394 2537 2489 2608 Ut

282 2642 465 2719 enim,
515 2640 689 2725 quod
733 2645 824 2705 rei
872 2652 1095 2705 natura
1136 2641 1414 2731 flagitat,
1459 2636 1535 2706 τὸ
1578 2635 1769 2707 κενόν
1815 2650 2218 2726 comparetur
2259 2643 2353 2723 τῷ
2393 2638 2490 2723 μὴ

283 2736 446 2822 ὄντι,
507 2738 584 2809 τὸ
630 2746 820 2828 σῶμα
864 2755 1073 2809 autem
1118 2747 1211 2828 τῷ
1256 2738 1425 2824 ὄντι,
1469 2744 1874 2810 scribendum
1928 2753 2027 2808 est
2068 2738 2174 2809 ὄτι
2217 2739 2365 2809 οὐδὲ
2406 2738 2487 2810 τὰ

283 2849 475 2932 σῶμα
510 2849 629 2913 τοῦ
662 2851 854 2914 κενοῦ
885 2848 990 2913 vel
1025 2847 1228 2913 simile
1272 2848 1607 2936 quidpiam,
1652 2847 1838 2934 quale
1885 2851 2069 2912 etiam
2108 2858 2356 2912 veteres
2394 2852 2488 2912 in-

282 2962 594 3038 terpretes
626 2951 999 3037 explicuisse
1032 2954 1331 3016 coniicias
1367 2951 1532 3017 Asel.
1564 2974 1626 3038 p.
1651 2952 1812 3018 538⁶
1835 2953 1942 3016 31.
1990 2949 2166 3017 Alex.
2197 2975 2261 3037 p.
2286 2953 2392 3029 27,
2426 2954 2487 3017 5.

288 3093 364 3106 -
408 3057 545 3119 lam
591 3058 773 3121 sicuti
819 3056 1234 3141 antiquissimi
1267 3054 1636 3143 philosophi
1667 3077 1854 3142 quum
1887 3077 2071 3120 unam
2103 3055 2492 3121 subiicerent

284 3159 477 3224 rebus
519 3162 871 3237 materiam,
912 3160 1281 3224 varietatem
1326 3182 1532 3225 rerum
1579 3169 1879 3246 repetunt
1924 3181 1998 3223 ex
2041 3162 2258 3246 primis
2300 3160 2488 3225 huius

285 3266 583 3327 materiae
626 3262 1093 3345 affectionibus,
1140 3262 1648 3330 condensatione
1682 3275 1746 3329 et
1775 3267 2222 3330 extenuatione
2264 3264 2486 3349 (Phys.

286 3364 314 3429 1
343 3369 403 3431 4.
438 3368 606 3432 187⁶
634 3368 747 3431 12:
792 3370 857 3431 οὶ
900 3368 1020 3449 μὲν
1061 3361 1190 3453 γὰρ
1235 3367 1306 3432 ἓν
1348 3364 1743 3448 ποιήσαντες
1776 3362 1854 3433 τὸ
1891 3361 1970 3433 ὄν
2004 3367 2197 3450 σῶμα
2223 3360 2301 3431 τὸ
2327 3364 2491 3431 ὑπο-

289 3472 586 3553 κείμενον
629 3508 717 3520 —
761 3459 976 3534 τᾶλλα
1033 3470 1307 3554 γεννῶσι
1359 3465 1716 3549 πυκνότητι
1757 3471 1869 3536 καὶ
1911 3465 2235 3555 μανότητι
2274 3462 2491 3534 πολλὰ

289 3575 642 3649 ποιοῦντες.
689 3571 772 3637 de
816 3594 966 3661 gen.
1011 3572 1101 3638 111
1148 3576 1207 3638 5.
1254 3576 1415 3639 3031»
1457 3576 1602 3654 13),
1653 3576 1738 3639 ita
1785 3577 2114 3643 atomiatae
2159 3592 2233 3635 ex
2276 3572 2491 3658 primis

288 3687 642 3743 atomorum
691 3676 1070 3741 differentiis
1116 3671 1279 3758 (τὰς
1322 3674 1655 3768 διαφορὰς
1688 3679 1834 3754 ὸ13,
1877 3698 1964 3741 sc.
2011 3679 2141 3741 τῶν
2185 3671 2491 3759 ἀτόμων)

291 3778 601 3845 diversam
645 3802 857 3845 rerum
893 3791 1180 3845 naturam
1210 3780 1523 3868 explicare
1552 3780 1948 3858 studuerunt,
1991 3790 2310 3865 ponentes
2340 3787 2494 3842 tam-

293 3905 470 3968 quam
519 3887 823 3971 principia
870 3884 1368 3950 differentiarum
1400 3881 1656 3973 ῥυσμόν
1701 3883 1821 3963 (cf.
1854 3881 2242 3970 Trendelbg.
2278 3881 2360 3946 de
2390 3904 2492 3947 an.

292 4008 354 4071 p.
382 3988 533 4051 214.
591 3987 863 4053 Brandis
910 3988 1144 4055 Gesch.
1188 3990 1236 4054 1.
1282 4013 1347 4076 p.
1378 3990 1539 4071 314,
1595 3986 1877 4053 Mullach
1910 3988 2208 4053 Democr.
2253 4008 2317 4072 p.
2368 3987 2495 4051 132

294 4096 467 4175 sqq.)
512 4086 837 4174 διαθιγήν
881 4092 1211 4172 (Mullach
1247 4091 1288 4156 l.
1321 4091 1363 4156 l.
1408 4114 1474 4177 p.
1503 4092 1676 4171 262)
1719 4086 1989 4177 τροήήν,
2032 4092 2095 4155 h.
2129 4112 2184 4155 e.
2231 4091 2495 4154 formam

299 4202 361 4256 et
403 4193 692 4259 ordinem
742 4204 806 4258 et
848 4199 1264 4282 positionem3
1324 4204 1388 4260 et
1444 4194 1827 4260 diversitatis
1872 4194 2128 4280 quidem
2168 4214 2288 4281 per
2327 4196 2497 4280 posi-

299 4297 529 4362 tionem
575 4298 847 4364 effectae
892 4299 1067 4385 quod
1114 4303 1189 4365 N
1227 4310 1292 4364 et
1336 4300 1399 4363 Ζ
1434 4322 1556 4387 pro
1604 4298 1893 4385 exemplo
1941 4298 2154 4377 affert,
2211 4301 2497 4386 cogitan-

300 4397 442 4466 dum
497 4405 785 4468 nimirum
844 4414 943 4469 est
1001 4402 1107 4479 dc,
1142 4405 1588 4488 antiquissimis
1633 4403 1851 4468 harum
1897 4402 2215 4468 literarum
2257 4400 2496 4488 figuris,

302 4524 457 4587 quae
513 4505 680 4572 adco
734 4507 858 4573 sibi
917 4518 1061 4599 sunt
1122 4505 1377 4586 affines,
1434 4517 1506 4572 ut
1559 4509 1617 4571 si
1667 4505 1866 4572 altera
1912 4505 2252 4572 inclinetur
2294 4503 2495 4568 altera
