3109 5175
549 366 692 440 124
1385 363 1583 439 19.
1655 362 1886 438 992⁶.

542 564 730 608 verse
761 540 993 607 referri
1031 539 1114 607 ad
1140 537 1468 628 ὑπεροχήν
1493 551 1562 607 et
1588 542 1879 632 ἔλλειψιν
1904 538 2153 621 (ταῦτα
2185 534 2317 625 γάρ
2342 542 2525 606 ἐστιν
2549 535 2746 625 ὑπερ-

543 641 823 731 οχή,τις,
866 648 910 713 i.
939 666 998 710 c.
1045 655 1284 711 certum
1328 645 1647 732 quoddam
1693 664 1898 731 genus
1944 646 2062 724 τῆς
2102 640 2440 731 ὑπεροχῆς,
2486 644 2600 709 καὶ
2638 644 2749 708 ἕλ-

542 750 760 838 Istunc
792 751 922 829 ⁶6)
981 747 1172 814 docet
1214 748 1408 834 Phys.
1452 749 1484 813 1
1541 750 1603 813 4.
1653 750 1816 815 187«
1858 749 1958 814 16.
2002 784 2095 797 -·-
2138 748 2219 812 ⁵7
2277 751 2333 811 εὶ
2386 748 2507 831 μὲν
2564 748 2751 813 ἔσται

540 854 770 929 ταῦτα,
817 874 903 916 sc.
946 844 1232 941 ὑπεροχὴ
1275 853 1388 917 καὶ
1430 852 1717 940 ἔλλειψις
1758 849 1865 916 vel
1908 846 1986 915 τὸ
2030 852 2199 934 μέγα
2240 851 2355 914 καὶ
2395 846 2653 937 μικρόν.

675 956 905 1020 99259
944 950 1103 1021 ὅτε
1140 957 1369 1019 δοκεῖ
1396 990 1482 1005 -
1522 957 1608 1019 13
1650 959 1734 1019 ἐν
1770 956 2030 1030 ἐνίοις
2066 947 2497 1018 ἀδύνατον.
2526 980 2531 985 ·
2562 953 2750 1017 Plato

543 1069 614 1123 ut
657 1080 867 1123 rerum
913 1056 1376 1124 multitudinem
1432 1056 1514 1121 ad
1573 1061 1883 1122 unitatem
1934 1057 2217 1121 notionis
2260 1055 2514 1143 redigat
2554 1058 2755 1120 utitur

543 1163 619 1251 τῇ
657 1164 937 1227 ἐκθέσει.
1006 1160 1204 1246 Quod
1243 1162 1406 1224 enim
1442 1160 1611 1225 idem
1650 1159 1938 1247 pluribus
1976 1164 2041 1224 in
2080 1158 2272 1224 rebus
2312 1163 2607 1236 cernitur,
2642 1181 2759 1224 ve-

543 1262 660 1327 luti
703 1263 983 1349 pulchris
1026 1267 1092 1327 in
1125 1264 1317 1328 rebus
1357 1263 1785 1349 pulchritudo,
1828 1267 1897 1331 in
1936 1262 2301 1329 hominibus
2338 1263 2607 1328 humana
2647 1284 2751 1327 na·

441 1424 450 1429 .
544 1378 702 1446 tura,
746 1368 816 1431 id
861 1369 1091 1452 excipit
1135 1377 1200 1431 et
1244 1370 1473 1431 exserit
1516 1389 1590 1431 ex
1633 1366 2035 1432 multitudine
2078 1384 2308 1444 remm,
2352 1375 2420 1429 et
2461 1365 2755 1431 substan-

546 1473 694 1535 tiam
735 1470 983 1534 illarum
1041 1490 1186 1533 esse
1239 1472 1475 1534 statuit.
1553 1469 1632 1533 cf.
1679 1470 1763 1536 de
1806 1469 2279 1558 significatione
2320 1490 2424 1532 vv.
2466 1470 2751 1548 ἕκθεσις,

544 1576 877 1639 ἐκτιθέναι
911 1572 1088 1637 Alex.
1117 1572 1200 1637 ad
1229 1573 1290 1636 h.
1321 1572 1364 1637 l.
1403 1581 1472 1638 et
1497 1575 1686 1637 Arist.
1721 1576 1809 1638 M
1826 1576 1892 1661 9.
1929 1573 2128 1637 10865
2166 1575 2226 1638 7.
2285 1571 2448 1637 Obss.
2479 1570 2560 1637 ed
2592 1573 2753 1638 Met.

542 1700 605 1763 p.
653 1680 796 1741 128.
864 1676 1093 1740 Waitz
1136 1674 1218 1739 ad
1272 1677 1458 1762 soph.
1514 1675 1757 1741 elench.
1807 1678 1913 1740 22.
1962 1678 2128 1741 179α
2169 1677 2235 1740 3.
2321 1676 2409 1740 At
2461 1698 2618 1742 vero
2662 1680 2755 1742 ita

544 1800 678 1844 non
712 1778 1000 1857 efficitur,
1036 1789 1112 1843 ut
1140 1778 1338 1844 multa
1373 1778 1482 1845 ille
1520 1782 1649 1843 sint
1682 1800 1893 1857 unum,
1933 1777 2050 1842 sed
2086 1787 2159 1843 ut
2193 1789 2424 1864 praet
2440 1800 2520 1843 er
2554 1779 2751 1845 multa

545 1894 822 1968 ponatur
866 1904 1077 1950 unum.
1156 1879 1411 1966 Quodsi
1454 1884 1596 1968 quis
1641 1883 1799 1947 baec
1839 1885 2054 1948 omnia
2107 1886 2494 1946 concesserit
2535 1882 2751 1948 Plato-

545 1990 732 2064 nicis,
787 1984 989 2050 nihilo
1045 1995 1260 2049 tamen
1313 1988 1520 2050 secius
1578 1984 1807 2051 debilis
1859 2006 2076 2050 eorum
2125 1994 2225 2049 est
2264 1991 2756 2073 argumentatio,

546 2088 855 2176 siquidem
900 2087 1052 2154 inde
1097 2090 1520 2174 consequitur,
1567 2099 1637 2154 ut
1679 2087 1987 2174 quidquid
2033 2092 2446 2153 communiter
2489 2087 2571 2155 de
2612 2089 2756 2175 plu-

545 2193 719 2257 ribus
777 2191 1210 2277 praedicetur,
1264 2190 1332 2256 id
1386 2203 1699 2278 tamquam
1753 2213 1958 2280 genus
2015 2190 2428 2256 substantiale
2484 2201 2552 2257 et
2606 2192 2754 2258 idea

545 2317 617 2360 re
662 2317 739 2359 ac
782 2298 1047 2361 veritate
1091 2304 1385 2380 ponatur.
1433 2296 1512 2358 cf.
1560 2294 1640 2358 ad
1670 2298 1833 2360 99οὗ
1859 2297 1961 2371 13,
2003 2296 2104 2370 16,
2149 2304 2215 2358 ct
2258 2293 2342 2358 de
2386 2294 2753 2361 discrimine

544 2401 718 2463 inter
757 2392 834 2461 τὸ
879 2402 1068 2480 γένος
1112 2409 1180 2462 et
1218 2392 1296 2462 τὸ
1339 2393 1650 2463 καθόλου
1692 2397 1773 2462 ad
1820 2399 1881 2462 Ζ
1918 2401 1983 2462 3.
2031 2398 2235 2467 102Θὸ
2270 2399 2379 2463 34.

676 2503 837 2566 9926
866 2500 950 2564 13
996 2496 1318 2565 οὐθένα
1361 2497 1423 2565 δ’
1463 2502 1627 2585 ἔχει
1657 2538 1739 2553 -
1777 2503 1860 2567 18
1896 2495 2139 2565 τοῦτό
2177 2523 2253 2565 τι
2284 2503 2539 2583 γένος.
2612 2501 2754 2566 Ple-

548 2619 763 2671 tonem
824 2626 1016 2691 quum
1055 2602 1317 2668 inducat
1359 2605 1736 2669 Aristoteles
1797 2609 1916 2670 tria
1972 2616 2315 2691 ponentem
2375 2627 2582 2670 rerum
2640 2627 2754 2693 ge·

546 2731 720 2787 nera,
749 2708 945 2786 ideas,
981 2707 1434 2785 mathematica,
1470 2730 1573 2772 res
1606 2709 1959 2787 sensibiles,
1998 2707 2265 2773 difficile
2306 2718 2404 2772 est
2439 2707 2611 2773 dictu
2643 2730 2753 2773 ne-

548 2835 670 2899 que
700 2811 828 2876 ulla
864 2814 1112 2877 ratione
1148 2811 1443 2897 explicari
1481 2823 1700 2897 potest
1730 2809 2032 2892 (οὐθένα
2064 2813 2192 2895 ἔχει
2222 2808 2447 2894 λόγον,
2480 2812 2559 2876 cf.
2588 2811 2751 2878 Be.

546 2919 708 2982 996⁶
731 2918 794 2980 9.
839 2915 907 2980 Γ
928 2917 992 2980 5.
1023 2916 1226 2979 10106
1263 2917 1402 2993 16),
1432 2936 1560 3002 quo
1592 2919 1657 2979 in
1690 2937 1931 3004 genere
1951 2917 2249 3000 -posuerit
2281 2913 2504 2992 lineas,
2542 2914 2753 3002 piane,

546 3020 754 3086 solida
801 3040 894 3097 ea,
939 3040 1104 3104 quac
1145 3020 1428 3103 proxime
1472 3040 1770 3083 numeros
1814 3018 2055 3083 ideales
2103 3021 2436 3103 excipiunt,
2481 3019 2542 3083 h.
2574 3041 2630 3085 e.
2674 3019 2752 3084 li·-

545 3144 728 3201 neas,
773 3121 994 3207 plana,
1036 3119 1245 3185 solida
1289 3120 1551 3198 idealia,
1594 3120 1904 3208 siquidem
1950 3123 2135 3186 etiam
2165 3113 2601 3209 'geometricas
2644 3143 2750 3188 res

547 3226 629 3291 ad
676 3227 982 3311 principia
1028 3221 1258 3287 idealia
1303 3222 1571 3312 redegit.
1643 3225 1722 3289 cf.
1770 3224 1849 3290 de
1896 3246 1997 3290 an.
2032 3226 2063 3289 1
2105 3227 2170 3290 2.
2218 3227 2377 3291 4011>
2415 3228 2528 3292 19:
2582 3220 2751 3292 αὐτὰ

545 3330 667 3413 μὲν
723 3323 801 3391 τὸ
858 3327 1027 3410 ζῷον
1083 3324 1151 3404 ἐξ
1193 3322 1402 3406 αὐτῆς
1440 3330 1557 3407 τῆς
1602 3329 1721 3392 τοῦ
1760 3321 1908 3404 ἑνὸς
1953 3329 2133 3405 ἰδέας
2170 3332 2284 3394 καὶ
2327 3330 2450 3394 τοῦ
2488 3324 2752 3413 πρώτου

544 3427 793 3516 μήκους
825 3432 936 3495 καὶ
971 3424 1259 3504 πλάτους
1290 3432 1403 3495 καὶ
1435 3426 1722 3514 βάθους.
1780 3430 2081 3497 Trendel.
2113 3431 2195 3496 ed
2227 3434 2285 3496 h.
2314 3430 2355 3496 l.
2388 3431 2628 3496 'Zeller
2656 3430 2750 3497 Pl.

545 3536 638 3599 St.
670 3557 736 3619 p.
766 3535 915 3598 242.
983 3532 1173 3618 Quae
1216 3554 1404 3618 quum
1450 3532 1532 3597 ad
1577 3534 1818 3599 nullum
1867 3557 1941 3600 ex
1988 3534 2189 3600 tribus
2233 3535 2359 3600 illis
2404 3534 2749 3623 generibus

544 3637 748 3726 redigi
807 3659 1001 3724 posse
1058 3647 1391 3723 appareat,
1447 3636 1706 3701 dubium
1766 3648 1863 3703 est
1918 3638 2243 3724 quomodo
2288 3642 2417 3703 sint
2456 3638 2573 3704 vel.
2608 3660 2751 3704 esse

546 3739 627 3808 ab
670 3744 748 3806 iis
783 3750 1139 3806 statuantur
1184 3734 1270 3821 (ἢ
1307 3741 1490 3806 ἔσται
1521 3742 1689 3820 ῠ14)
1725 3738 1831 3805 vel
1869 3762 2052 3825 quam
2088 3741 2366 3808 habeant
2401 3754 2720 3812 naturam..

678 3846 840 3909 992⁶
871 3846 954 3910 18
997 3838 1202 3920 ὅλως
1242 3866 1326 3908 te
1369 3847 1524 3910 τῶν
1572 3839 1829 3909 ὄντων
1863 3881 1943 3896 -
1975 3847 2144 3911 983ae
2171 3848 2256 3911 10
2293 3847 2749 3929 στοιχείων.

546 3946 860 4011 Platonici
918 3946 1093 4030 quod
1150 3949 1430 4012 omnium
1487 3969 1694 4011 rerum
1754 3946 1974 4013 eadem
2025 3959 2381 4035 posuerunt
2423 3950 2751 4033 principia,

547 4070 749 4135 eaque
795 4048 1252 4116 elementorum
1298 4055 1494 4116 instar
1537 4071 1680 4115 esse
1724 4051 2095 4132 voluerunt,
2154 4053 2407 4119 duobus
2460 4063 2616 4117 sunt
2656 4074 2753 4116 er·

546 4151 800 4217 roribus
840 4150 1121 4216 obnoxii.
1190 4155 1439 4219 Etenim
1479 4158 1747 4239 primum
1784 4156 2039 4240 quidem
2080 4156 2390 4222 elementa
2432 4176 2564 4220 non
2603 4164 2753 4219 sunt

547 4258 668 4320 nisi
727 4252 1245 4335 substantiarum,
1299 4278 1435 4322 non
1489 4261 1638 4322 item
1684 4258 2125 4339 affectionum,
2183 4260 2261 4325 cf.
2306 4262 2396 4324 H
2430 4261 2490 4323 4.
2539 4260 2751 4324 10441·

545 4359 591 4424 8
620 4380 755 4444 sqq.
825 4357 1080 4422 Deinde
1118 4362 1450 4427 ⁶24-33
1494 4364 1550 4425 si
1594 4365 1733 4447 quis
1776 4385 1919 4428 esse
1962 4366 2238 4427 omnium
2285 4385 2491 4428 rerum
2528 4362 2749 4428 eadem

548 4465 858 4550 principia
903 4459 1242 4551 largietur,
1289 4470 1697 4552 consequitur
1737 4466 1915 4547 inde,
1964 4477 2037 4532 ut
2078 4470 2381 4555 cognosci
2425 4487 2561 4533 non
2602 4487 2753 4555 pns-
