3109 5175
594 381 739 459 432
1439 386 1484 455 Ι
1526 380 1597 455 4.
1677 380 1863 456 1055
1880 380 1945 453 b.

595 559 934 625 trarietatis
977 553 1170 639 (τοὺς
1211 550 1454 633 ἄλλους
1496 551 1696 644 ὅρους
1735 557 1911 639 σ23)
1967 559 2035 621 in
2087 555 2383 621 omnibus
2428 556 2601 621 cerni
2644 575 2805 621 con·

592 666 930 730 trarietatis
968 660 1328 750 generibus,
1372 662 1433 725 h.
1465 681 1520 726 e.
1561 663 2090 739 contrarietatem,
2134 658 2288 725 licet
2312 658 2602 724 diversos
2629 662 2806 724 inter

594 790 667 833 se
721 766 950 832 modos
1007 763 1238 829 habeat
1288 769 1491 851 (quos
1534 764 1806 852 perinde
1850 775 2039 850 atque
2082 763 2142 827 h.
2178 761 2219 826 1.
2262 764 2596 828 aab-31
2645 783 2807 827 enn-

594 881 799 936 merat
838 871 893 936 A
935 871 1040 934 10.
1085 869 1296 933 10180
1329 870 1661 950 25-30)
1706 866 1914 933 ubivis
1967 876 2227 954 oportet
2271 888 2411 930 esse
2454 865 2804 953 perfectam

598 986 664 1040 et
706 977 1028 1039 maximam
1074 970 1522 1037 diversitatem.
1613 976 1699 1039 Et
1746 972 1987 1058 reliqua
2033 969 2284 1057 quidem
2327 970 2512 1035 huius
2556 972 2653 1034 rei
2700 990 2807 1034 ex·

595 1080 835 1165 positio
880 1075 1219 1142 admodum
1267 1087 1363 1140 est
1403 1080 1768 1163 perspicua;
1813 1075 2156 1141 difficultas
2196 1082 2404 1139 autem
2446 1071 2808 1159 explicandi

595 1183 663 1246 in
701 1183 918 1268 primis
954 1182 1200 1245 exsistit
1232 1177 1442 1244 verbis
1484 1183 1643 1246 ⁶25:
1683 1182 1816 1245 τῶν
1857 1202 1929 1244 τε
1971 1173 2100 1263 γάρ
2142 1166 2311 1263 γένει
2347 1172 2807 1266 διαφερόντων

598 1281 717 1349 οὐκ
757 1285 934 1350 ἔστιν
977 1282 1260 1367 ἐξωτέρω
1306 1283 1538 1365 λαβεῖν
1582 1284 1694 1348 καὶ
1738 1286 1869 1350 τῶν
1908 1282 2076 1361 εἴδει,
2120 1291 2463 1368 propterea
2502 1278 2679 1366 quod
2720 1278 2807 1344 de

597 1390 676 1452 iis
722 1408 886 1473 quae
929 1408 1168 1475 genere
1214 1384 1515 1451 differant
1557 1390 1796 1453 mentio
1843 1389 2106 1451 omnino
2151 1402 2287 1449 non
2333 1394 2431 1449 est
2472 1384 2535 1447 h.
2571 1382 2616 1448 1.
2662 1387 2808 1448 inii-

597 1490 841 1571 cienda,
885 1490 998 1557 ubi
1043 1493 1252 1579 agitur
1294 1489 1378 1554 de
1423 1494 1885 1570 contrarietate,
1929 1489 2011 1556 ad
2056 1512 2242 1576 quam
2274 1490 2530 1577 generis
2564 1489 2809 1573 requiri

598 1594 992 1660 identitatem
1036 1616 1229 1681 saepe
1273 1596 1652 1659 monuimus.
1727 1595 1935 1680 Quam
1976 1592 2410 1662 difficultatem
2451 1614 2645 1678 quum
2682 1612 2811 1657 nec

597 1719 837 1787 negare
881 1720 1004 1764 nec
1047 1697 1345 1785 expedire
1390 1698 1584 1785 plane
1627 1702 1882 1786 possim,
1926 1696 2095 1763 haud
2141 1700 2275 1762 scio
2322 1719 2403 1761 an
2435 1695 2810 1762 deminuere

599 1813 773 1868 certe
815 1802 1052 1883 videar,
1101 1806 1156 1868 si
1198 1799 1539 1889 particulas
1582 1824 1652 1866 τε
1696 1838 1781 1851 -
1824 1803 1938 1867 καί
1974 1805 2062 1866 ita
2098 1804 2466 1887 acceperim,
2514 1810 2588 1865 ut
2634 1821 2809 1865 com·

598 1909 994 1993 parationem
1037 1910 1254 1994 potius
1284 1925 1467 1992 quam
1496 1904 1848 1991 simplicem
1878 1908 2391 1971 coniunctionem
2422 1904 2811 1992 significent,
2852 1910 2865 1922 ‘

599 2009 772 2075 hunc
814 2013 884 2074 in
924 2008 1211 2075 modum:
1261 2011 1447 2074 sicuti
1495 2007 1659 2073 ultra
1706 2031 1810 2088 ea,
1856 2031 2016 2096 quae
2061 2030 2300 2098 genere
2344 2007 2596 2073 diversa
2642 2018 2812 2087 sunt,

601 2116 864 2179 omnino
911 2115 1178 2201 cogitari
1223 2111 1381 2178 nihil
1425 2120 1646 2199 potest
1684 2111 1860 2199 quod
1905 2124 2078 2178 extra
2124 2115 2207 2177 sit
2250 2115 2546 2198 positum,
2590 2114 2681 2176 ita
2727 2110 2815 2176 ad

602 2238 708 2295 ea,
752 2238 918 2303 quae
960 2219 1177 2302 specie
1221 2216 1470 2281 diversa
1514 2226 1679 2292 sunt,
1722 2215 1881 2280 nihil
1924 2216 2074 2282 licet
2115 2215 2356 2294 referri,
2409 2214 2583 2302 quod
2632 2226 2813 2281 extra

599 2319 765 2386 idem
813 2341 1018 2408 genus
1063 2323 1340 2405 positum
1386 2322 1495 2398 sit,
1552 2317 1862 2403 siquidem
1912 2325 2209 2386 universa
2253 2320 2439 2385 huius
2483 2318 2815 2384 diversita-

601 2427 682 2489 tis
738 2427 938 2488 series
994 2426 1158 2487 intra
1211 2422 1379 2488 idem
1438 2443 1643 2509 genus
1690 2427 2059 2489 continetur
2100 2444 2309 2509 neque
2354 2422 2436 2488 ad
2481 2444 2586 2501 ea,
2643 2443 2815 2507 quae

603 2537 775 2593 extra
822 2527 949 2594 hoc
990 2548 1196 2615 genus
1240 2536 1420 2606 sunt,
1474 2524 1664 2591 ullam
1724 2526 1917 2593 habet
1965 2530 2295 2593 rationem.
2385 2527 2513 2591 lam
2558 2529 2647 2590 ita
2694 2528 2813 2591 cir-

602 2631 919 2697 cumclusa
964 2654 1082 2719 per
1122 2634 1375 2720 generis
1419 2629 1815 2696 identitatem
1872 2631 2257 2696 diversitatis
2314 2633 2510 2711 serie,
2565 2631 2817 2695 inveni-

600 2745 708 2801 tur
749 2739 817 2800 in
864 2757 939 2800 ea
984 2736 1246 2800 maxima
1289 2733 1600 2821 quaedam
1649 2735 1983 2800 diversitas
2037 2745 2107 2800 et
2160 2757 2296 2800 eam
2343 2735 2611 2801 dicimus
2656 2754 2816 2799 con-

602 2843 1009 2905 trarietatem.

736 2945 948 3010 1055·
988 2945 1075 3009 33
1118 2939 1392 3031 πρώτη
1440 2951 1528 2995 -’
1570 2946 1699 3009 ῠ29
1746 2939 2163 3028 ἀνάγεται.
2260 2945 2600 3028 Hucusque
2656 2964 2815 3007 con-

601 3050 988 3112 trarietatem
1034 3046 1413 3113 Aristoteles
1457 3051 1544 3112 ita
1591 3047 1909 3126 definivit,
1964 3057 2039 3112 ut
2094 3068 2229 3111 eam
2290 3046 2369 3112 ad
2425 3046 2814 3112 diversitatis

601 3152 934 3216 notionem
979 3150 1251 3216 referret
1296 3161 1361 3216 et
1403 3150 1482 3215 ab
1532 3171 1607 3216 ea
1652 3149 2097 3236 suspenderet;
2155 3153 2276 3215 iam
2334 3171 2498 3236 quae
2540 3153 2816 3215 interce·

603 3252 715 3318 dat
765 3255 934 3319 inter
989 3257 1493 3319 contrarietatem
1554 3265 1620 3321 et
1668 3254 1910 3341 reliqua
1956 3256 2386 3341 oppositionis
2429 3274 2669 3341 genera
2714 3275 2816 3318 ra-

602 3360 697 3421 tio
742 3359 1019 3443 inquirit.
1107 3359 1201 3422 Ac
1243 3362 1513 3444 primum
1555 3359 1810 3447 quidem
1854 3357 2226 3445 simpliciter
2268 3359 2592 3445 proponit,
2634 3356 2816 3442 quod

603 3459 839 3526 deinde
871 3464 1248 3548 comparatis
1280 3462 1538 3549 reliquis
1571 3461 1955 3549 opponendi
1980 3461 2322 3551 generibus
2352 3461 2609 3527 uberius
2640 3482 2819 3526 com-

602 3563 852 3650 probat,
895 3560 1120 3652 πρώτη
1166 3563 1225 3630 δ’
1266 3567 1645 3643 ἐναντίωσις
1681 3564 1807 3645 ἕξις
1841 3567 1955 3631 καὶ
1992 3568 2291 3653 στέρησις
2324 3568 2477 3646 033,
2525 3565 2638 3631 ubi
2676 3569 2817 3652 qui-

604 3666 748 3732 dem
804 3665 1069 3755 πρώτην
1126 3691 1260 3734 eam
1316 3670 1470 3735 dicit
1514 3672 2053 3748 contrarietatem,
2115 3691 2276 3755 quae
2320 3670 2509 3735 rebus
2555 3670 2819 3756 quibus·

603 3768 745 3835 dam
791 3781 1017 3859 suapte
1061 3781 1282 3839 natura
1328 3776 1495 3838 inest
1539 3773 1660 3852 (cf.
1709 3772 1789 3838 ad
1834 3775 1887 3838 A
1922 3775 1985 3838 5.
2029 3773 2232 3839 1015δ
2265 3777 2406 3854 11),
2452 3784 2518 3839 et
2562 3795 2639 3838 ex
2684 3796 2818 3860 qua

602 3867 815 3954 (κατὰ
857 3877 1070 3941 ταῦτα
1109 3878 1287 3957 435)
1332 3875 1456 3940 alia
1503 3876 1754 3941 demum
1797 3886 2102 3963 repetunt
2150 3885 2225 3942 ut
2270 3888 2335 3943 et
2376 3881 2515 3965 ipsa
2561 3887 2821 3942 contra-

603 3979 698 4040 ria
744 3997 883 4042 esse
929 3977 1237 4045 dicantur.
1326 3981 1505 4044 Haec
1555 3982 1751 4067 igitur
1794 3983 2087 4066 primaria
2132 4003 2209 4047 ac
2252 3985 2514 4069 propria
2560 3992 2819 4047 contra-

602 4082 796 4144 rietas
844 4081 1105 4148 eandem
1152 4081 1469 4171 significat
1512 4087 2052 4170 rationem,'quae
2098 4085 2432 4152 intercedit
2475 4088 2643 4158 inter
2680 4084 2819 4166 ἕξιν

607 4195 671 4247 et
716 4186 1047 4269 στέρησιν,
1089 4187 1286 4252 modo
1332 4190 1608 4273 privatio
1652 4189 1931 4273 perfecta
1978 4191 2087 4268 sit,
2133 4189 2373 4267 τελεία,
2417 4190 2478 4253 h.
2511 4211 2565 4254 e.
2612 4188 2815 4256 modo

602 4307 737 4351 non
781 4287 939 4353 nota
985 4310 1108 4354 una
1153 4288 1260 4353 vel
1305 4288 1500 4355 altera
1547 4289 1838 4356 dematur
1893 4292 2016 4373 (cf.
2056 4294 2124 4358 Κ
2163 4295 2225 4357 4.
2270 4295 2480 4358 1061a
2516 4293 2648 4374 22)
2694 4292 2818 4359 sed

603 4393 898 4457 universa
943 4395 1126 4456 notio
1173 4402 1476 4482 negetur,
1526 4403 1780 4458 retento
1829 4405 2069 4475 tamen,
2115 4395 2291 4482 quod
2336 4399 2404 4460 in
2447 4399 2819 4482 privatione

603 4496 861 4560 retineri
908 4505 1169 4580 oportet
1212 4496 1332 4578 (cf.
1379 4495 1460 4562 ad
1502 4497 1659 4578 ⁶8),
1702 4497 1821 4563 illo
1866 4501 2028 4564 intra
2074 4498 2249 4585 quod
2294 4502 2663 4566 continetur
2705 4523 2819 4590 ge-
