3109 5175
1210 385 1285 454 Z
1326 383 1395 455 9.
1479 383 1666 458 1034
1684 384 1746 457 b.
2435 389 2570 462 331

373 558 601 622 ctionis
641 554 999 636 membrum,
1040 560 1191 637 ⁶23,
1236 581 1424 644 quum
1463 560 1713 645 quidem
1749 560 2005 626 domum
2045 583 2118 626 ex
2160 564 2426 629 notione
2465 563 2578 628 do-

372 681 537 737 mus,
583 659 652 725 id
697 671 795 725 est
840 671 1045 725 autem
1091 666 1161 726 ἐκ
1202 665 1321 727 τοῦ
1361 664 1427 727 τί
1470 668 1644 730 ἐστιν
1689 666 1894 743 οὶκία,
1942 665 2108 729 effici
2156 665 2327 730 dixit.
2419 666 2577 732 Inde

371 763 762 852 intelligitur,
808 764 1134 849 quomodo
1183 777 1248 830 et
1293 767 1731 854 cognoscendi
1779 777 1843 832 et
1886 768 2161 832 faciendi
2203 772 2578 857 principium

371 869 457 933 sit
499 861 577 932 τὸ
619 869 687 932 τί
731 873 922 933 ἐστιν.
1015 869 1084 932 In
1132 870 1591 956 cognoscendo
1638 875 1803 936 enim
1848 877 1919 936 ὲκ
1959 875 2081 937 τοῦ
2124 876 2189 936 τί
2232 878 2372 939 ἐστι
2412 873 2578 942 fiunt

372 969 730 1059 syllogismi
778 971 898 1050 (cf.
947 974 1066 1036 An.
1112 983 1279 1057 post.
1327 974 1386 1037 11
1430 975 1493 1038 3.
1540 977 1656 1039 9οῠ
1696 977 1812 1040 31:
1872 979 1943 1040 αἱ
1999 972 2361 1054 ἀποδείξεις
2418 979 2579 1066 φαί-

372 1096 604 1140 νονται
658 1077 871 1139 πᾶσαι
927 1071 1404 1158 ὑποτιθέμεναι
1447 1080 1559 1141 καὶ
1606 1074 2074 1163 λαμβάνουσαι
2117 1072 2195 1142 τὸ
2239 1081 2304 1143 τί
2348 1084 2578 1160 ἐστιν),

372 1180 507 1242 sive
552 1200 674 1263 per
716 1177 1158 1264 syllogismum
1203 1183 1274 1242 ὲκ
1316 1183 1435 1244 τοῦ
1475 1181 1543 1244 τί
1579 1186 1714 1246 ἐστι
1754 1185 2122 1266 pervenitur
2161 1182 2241 1245 ad
2280 1175 2365 1246 τὰ
2403 1181 2571 1248 καθ’

374 1275 537 1344 αὑτὸ
579 1277 988 1363 ὑπάρχοντας
1036 1283 1103 1345 in
1149 1280 1404 1368 agendo
1453 1293 1659 1348 autem
1705 1288 2035 1370 generatio
2083 1289 2152 1348 ἐκ
2191 1286 2308 1349 τοῦ
2344 1288 2407 1349 τί
2445 1290 2581 1350 ἐστι

374 1382 681 1468 procedit,
712 1382 887 1469 quod
917 1404 1128 1469 supra,
1163 1383 1454 1449 distincta
1486 1383 1711 1466 νοήσει
1740 1397 1805 1451 et
1833 1381 2108 1466 ποιήσει,
2156 1390 2213 1451 7.
2248 1389 2451 1452 103Ξὸ
2479 1390 2580 1466 15,

371 1490 706 1572 perspicue
751 1486 986 1552 docuit.
1079 1489 1261 1568 (Alia
1319 1493 1568 1554 ratione
1627 1489 1939 1555 actionem
1999 1510 2139 1553 cum
2199 1488 2579 1576 syllogismo

375 1599 699 1675 comparat
743 1591 853 1656 Ar.
902 1592 1044 1656 Eth.
1091 1594 1172 1657 N.
1219 1593 1346 1657 Vll
1390 1597 1452 1658 5.
1500 1595 1712 1658 11470
1752 1594 1870 1670 25,
1924 1592 2004 1656 cf.
2055 1593 2279 1656 Waitz
2323 1594 2485 1679 Org.
2531 1595 2580 1658 1.

375 1716 438 1779 p.
476 1695 625 1758 372.
677 1731 755 1745 —-
811 1694 1010 1780 Signa
1056 1696 1449 1782 parenthesis
1491 1698 1644 1770 1131,
1692 1696 1796 1773 32,
1843 1716 1879 1758 a
1923 1694 2107 1780 Sylb.
2154 1698 2421 1780 primum
2466 1716 2582 1782 po-

375 1800 523 1874 sita,
582 1817 715 1861 non
768 1795 1082 1864 debebam
1127 1801 1193 1862 in
1240 1809 1414 1863 textu
1458 1802 1765 1876 retinere,
1823 1819 2193 1884 quamquam
2237 1798 2581 1863 Alexandri

374 1902 900 1986 interpretatione
959 1922 1033 1964 ea
1095 1901 1523 1966 commendari
1576 1900 1891 1965 videntur.
1981 1903 2097 1965 His
2143 1905 2310 1966 enim
2355 1905 2582 1989 positis

377 2025 497 2068 nec
538 2003 846 2090 particula
892 2004 961 2068 δέ
1008 2004 1304 2089 explicari
1349 2014 1581 2089 potest,
1626 2014 1692 2067 et
1735 2007 1804 2067 αἱ
1849 2006 2127 2087 γενέσεις
2164 2004 2326 2068 falso
2367 2006 2585 2069 confe-

377 2117 603 2172 runtur
646 2129 784 2171 cum
828 2130 888 2172 v.
937 2102 1106 2192 ἀρχὴ
1154 2106 1194 2187 ἡ
1242 2105 1455 2184 οὐσία,
1502 2129 1690 2192 quum
1737 2091 2016 2172 debeant
2054 2109 2267 2192 potius
2307 2107 2584 2173 conferri

380 2233 518 2276 cum
560 2235 619 2275 v.
661 2213 725 2276 οἱ
762 2211 1202 2295 συλλογισμοί.
1273 2209 1808 2297 Distinguendum
1852 2213 2097 2297 potius:
2143 2206 2325 2289 ὥστε,
2369 2207 2583 2295 ὥσπερ

377 2319 450 2381 ὲν
493 2324 632 2388 τοῖς
675 2315 1154 2398 συλλογισμοῖς,
1197 2311 1463 2379 πάντων
1508 2307 1678 2397 ἀρχὴ
1724 2311 1765 2393 ἡ
1813 2313 2040 2380 οὐσία·
2087 2319 2156 2378 ἐκ
2199 2308 2328 2399 γὰρ
2362 2315 2485 2379 τοῦ
2521 2315 2586 2378 τί

379 2423 556 2484 ἐστιν
600 2422 662 2482 οἱ
710 2418 1135 2501 συλλογισμοί
1180 2422 1357 2495 εἰσιν,
1402 2417 1706 2482 ἐνταῦθα
1751 2418 1819 2482 δὲ
1865 2421 1935 2483 αἱ
1978 2421 2316 2502 γενέσεις.)
2344 2451 2433 2467 --·
2478 2419 2586 2481 At-

380 2543 508 2608 que
566 2521 787 2587 eadem
845 2530 1106 2585 naturae
1161 2524 1341 2589 ratio.
1433 2521 1665 2585 Semen
1713 2524 1907 2601 enim,
1964 2520 2135 2587 unde
2192 2518 2425 2584 animal
2479 2518 2585 2583 vel

379 2624 596 2711 planta
641 2627 941 2713 gignitur,
986 2629 1107 2690 nisi
1154 2626 1304 2712 quid
1352 2623 1589 2690 alicubi
1631 2625 1837 2690 mutili
1878 2625 1983 2689 vel
2023 2625 2347 2711 depravati
2384 2626 2454 2687 in
2484 2644 2587 2687 or-

381 2727 593 2793 dinem
621 2740 903 2793 ·naturae
947 2733 1273 2816 irrepserit
1316 2724 1656 2815 (πήρωμα,
1702 2730 1782 2793 cf.
1829 2729 1910 2794 de
1948 2750 2048 2792 an.
2083 2729 2144 2793 11
2183 2731 2242 2794 4.
2286 2730 2454 2794 415⁶
2477 2730 2585 2793 27.

381 2831 472 2894 111
514 2834 577 2896 9.
621 2832 781 2895 432⁶
819 2834 924 2897 22.
985 2832 1198 2896 Zeller
1240 2833 1352 2896 Ph.
1400 2831 1459 2895 d.
1508 2832 1623 2895 Gr.
1669 2834 1748 2898 11.
1794 2856 1854 2918 p.
1889 2834 2076 2913 458),
2131 2836 2250 2896 iam
2296 2833 2588 2918 potentia

382 2933 646 2999 formam
705 2956 782 2999 ac
835 2939 1109 3020 speciem
1169 2934 1453 3000 animalis
1509 2938 1581 2998 in
1633 2956 1707 2999 se
1763 2940 2077 3015 continet,
2132 2936 2315 2999 sicuti
2365 2934 2589 2998 artifex

383 3036 650 3101 eandem
686 3038 947 3102 lonuam
985 3039 1151 3126 apud
1188 3044 1460 3103 animum
1502 3041 1815 3124 concepit.
1903 3041 2201 3103 Fon-tuito
2241 3049 2446 3103 autem
2483 3058 2587 3101 res

384 3140 702 3205 naturales
759 3163 895 3206 non
950 3154 1220 3228 possunt
1277 3146 1580 3230 progigni
1638 3145 1758 3207 nisi
1815 3164 1955 3221 eae,
2015 3165 2275 3229 quarum
2324 3142 2588 3205 materia

385 3255 608 3328 suapte
655 3257 887 3330 sponte
935 3267 1076 3310 eum
1129 3250 1194 3310 in
1253 3258 1491 3312 motum
1548 3257 1763 3331 potest
1818 3250 2087 3324 moveri,
2145 3268 2330 3332 quem
2390 3244 2590 3309 efficit

383 3368 631 3425 semen,
689 3343 818 3411 ὅσα
866 3349 934 3413 δὲ
979 3343 1112 3412 ἀπὸ
1157 3352 1291 3413 κτλ.
1334 3352 1447 3427 ⁶4,
1505 3350 1567 3413 h.
1598 3371 1654 3412 e.
1701 3344 1833 3415 ὅσα
1880 3350 1949 3414 δὲ
1992 3345 2126 3413 ἀπὸ
2173 3344 2592 3430 ταύτομάτου

386 3454 542 3530 (int.
587 3451 877 3534 γίγνεται
931 3455 1002 3515 ἐν
1058 3460 1197 3527 τοῖς
1254 3447 1448 3538 φύσει
1503 3456 1979 3535 γιγνομένοις),
2036 3454 2326 3534 γίγνεται
2372 3446 2590 3535 ὥσπερ

386 3558 517 3618 ἐκεῖ
560 3558 712 3634 (int.
760 3559 831 3620 ὲν
872 3564 1014 3630 τοῖς
1055 3547 1191 3619 ἀπὸ
1235 3558 1477 3639 τέχνης,
1522 3556 1604 3619 cf.
1643 3557 1794 3631 09).
1832 3590 1910 3605 -
1949 3556 2032 3618 ⁶7
2074 3552 2141 3632 ἐξ
2180 3549 2413 3632 αὐτῶν,
2457 3574 2591 3618 non

389 3678 464 3722 ex
509 3679 580 3722 se
625 3660 797 3743 ipsis,
839 3656 953 3722 sed
999 3654 1066 3735 ἐξ
1111 3653 1327 3722 αὐτῶν
1372 3659 1502 3723 τῶν
1545 3653 1931 3723 ποιούντων.

524 3763 727 3827 1034ῠ
765 3763 802 3826 7
851 3757 945 3826 οὐ
983 3753 1243 3845 μόνον
1295 3798 1372 3813 -
1424 3765 1508 3826 19
1552 3758 1827 3844 μόνον.
1904 3761 2057 3824 Non
2103 3759 2299 3824 modo
2334 3770 2409 3824 nt
2447 3757 2595 3823 suh-

389 3868 659 3930 stantiae
705 3866 1034 3942 exsistant,
1090 3886 1307 3929 verum
1354 3870 1540 3930 etiam
1587 3863 1871 3950 reliquae
1918 3874 1986 3928 ut
2028 3863 2188 3927 fiant
2230 3865 2595 3949 categoriae

390 3970 562 4045 (τῶν
593 3963 866 4053 πρώτων
908 3970 1013 4045 ὺ9,
1057 3966 1138 4032 cf.
1179 3969 1335 4032 ⁶14:
1382 3970 1512 4033 τῶν
1553 3969 1963 4052 κατηγοριῶν
1998 3977 2062 4031 et
2095 3966 2163 4030 B
2198 3968 2261 4031 3.
2295 3968 2456 4031 998⁶
2483 3968 2593 4031 15:

391 4067 476 4136 τὰ
517 4074 750 4158 πρῶτα
797 4072 926 4136 τῶν
969 4073 1234 4154 γενῶν),
1277 4071 1542 4136 formam
1591 4082 1775 4136 antea
1816 4073 2115 4139 exsistere
2152 4080 2428 4156 oportet,
2472 4069 2599 4132 hoo

393 4195 527 4240 uno
565 4175 939 4254 discrimine,
973 4174 1147 4261 quod
1179 4178 1243 4239 in
1273 4174 1627 4240 substantia
1656 4173 2021 4263 generanda
2050 4174 2403 4239 substantia
2435 4175 2599 4235 eius·

394 4277 536 4343 dem
578 4282 834 4368 generis
879 4290 1028 4345 actu
1073 4281 1379 4344 exsistens
1424 4282 1778 4364 requiritur,
1824 4300 1986 4364 quae
2024 4277 2194 4342 illam
2236 4276 2485 4352 efficiat,
2531 4276 2598 4337 in

391 4382 650 4469 reliquis
696 4385 1035 4471 categoriis
1083 4382 1304 4448 eadem
1351 4386 1674 4470 categoria
1716 4403 1853 4446 non
1909 4393 2083 4459 actu,
2137 4379 2252 4444 sed
2309 4380 2599 4465 potentia

395 4489 720 4555 exsistens.
771 4524 852 4535 —-
891 4486 1150 4595 pruna.
1205 4495 1270 4552 et
1311 4485 1432 4550 Bk.
1480 4508 1516 4551 e
1563 4485 1752 4553 oedd.
1800 4484 1953 4550 Em
1996 4496 2146 4571 post
2182 4483 2435 4568 χαλκοῦ
2470 4481 2598 4544 ⁶12
