3109 5175
565 353 714 430 292
1406 354 1471 424 E
1515 351 1587 426 3.
1669 348 1939 425 1027&

563 552 698 598 non
743 539 869 609 est,
925 530 1289 596 necessario
1334 526 1478 607 ille,
1535 526 1619 593 de
1669 548 1799 614 quo
1845 529 2299 617 quaesivimus,
2354 535 2625 593 eventus
2667 537 2777 593 aut

561 632 877 723 procedet
919 642 1031 700 aut
1072 653 1207 697 non
1252 629 1585 718 procedet.
1660 632 2005 697 Possumus
2052 633 2239 695 etiam
2284 633 2351 695 in
2396 630 2775 718 quaerendis

563 741 772 804 causis
816 737 1215 825 supergressi
1261 736 1623 820 praesentia
1662 755 1860 820 usque
1898 732 1980 799 ad
2009 737 2352 820 praeterita
2382 734 2610 813 redire,
2650 726 2778 799 κᾶν

562 836 987 931 ὑπερπηδήσῃ
1045 862 1143 916 τις
1200 843 1290 915 εὶς
1341 831 1429 902 τὰ
1481 833 1805 925 γενόμενα
1844 840 1951 903 ⁶6.
2049 839 2433 903 Necessario
2479 838 2609 915 hic,
2668 839 2777 923 qui

562 964 734 1010 nuuc
793 947 977 1021 vivit,
1032 945 1324 1018 moritui-3
1371 962 1647 1027 namque
1702 944 1771 1006 in
1827 939 2071 1006 eodem·
2114 944 2249 1008 eius
2301 962 2575 1028 corpore
2625 961 2777 1006 cou-

565 1049 754 1112 traria
801 1045 1115 1112 elementa
1160 1047 1499 1111 coniuncta
1543 1053 1713 1110 sunt.
1780 1043 1915 1109 Sed
1957 1055 2169 1109 utrum
2206 1067 2327 1132 per
2365 1044 2653 1109 morbum
2693 1065 2775 1109 an

562 1172 683 1237 per
739 1153 863 1214 vim
918 1148 1172 1214 sublato
1230 1151 1694 1213 contrariorum
1753 1150 1932 1233 quasi
1992 1157 2308 1213 concentu
2362 1150 2448 1211 sit
2492 1151 2776 1212 interitu·

563 1273 689 1331 rus,
734 1252 800 1318 id
845 1250 1132 1317 nondum
1179 1261 1415 1317 certum
1463 1263 1575 1332 est,
1621 1249 1737 1316 sed
1784 1249 2041 1316 aliunde
2086 1264 2184 1316 est
2218 1272 2610 1337 suspensum,
2656 1243 2775 1316 ἐὰν

562 1355 709 1422 τοδὶ
752 1357 1022 1438 γένηται
1058 1357 1209 1421 ῠ11.
1299 1355 1518 1440 Itaque
1580 1374 1780 1440 usque
1837 1353 1919 1419 ad
1978 1365 2212 1419 certam
2270 1353 2583 1440 quandam
2629 1375 2776 1418 cau-

564 1479 697 1523 sam
753 1457 1150 1525 redeundum
1210 1468 1308 1523 est
1361 1461 1429 1524 in
1486 1479 1813 1522 causarum
1858 1457 2296 1546 indagatione,
2354 1479 2563 1543 neque
2608 1455 2772 1522 ultra

564 1564 790 1650 (μέχρι
834 1556 1012 1639 τινὸς
1051 1561 1308 1646 βαδίζει
1351 1557 1559 1646 ἀρχῆς
1598 1563 1758 1641 ῠ11,
1803 1563 1917 1625 int.
1960 1554 2039 1625 τὸ
2083 1562 2358 1648 πρᾶγμα
2402 1559 2509 1624 vel
2554 1557 2597 1640 ἡ
2646 1561 2775 1626 τῶν

563 1666 792 1731 αἰτίων
833 1660 1170 1747 §vit-note„
1216 1664 1307 1729 ibi
1352 1666 1728 1750 principium
1774 1674 1871 1729 est
1915 1651 2346 1749 quaerendum
2389 1683 2602 1728 rerum
2645 1663 2775 1728 for-

563 1768 880 1848 tuitarum,
929 1790 1092 1854 quae
1136 1777 1364 1854 utpote
1408 1767 1711 1833 fortuitae
1755 1765 1995 1834 nullam
2038 1769 2302 1832 omnino
2347 1766 2587 1833 habent
2630 1789 2776 1834 cau-

562 1891 715 1936 sam.
783 1871 859 1938 Id
905 1882 1115 1936 autem
1161 1892 1310 1937 num
1357 1875 1677 1958 pertineat
1720 1870 1800 1936 ad
1845 1869 2230 1936 materialem
2277 1891 2356 1936 an
2398 1869 2482 1936 ad
2514 1870 2773 1936 finalem

564 1995 647 2040 an
691 1973 773 2040 ad
818 1984 1179 2040 moventem
1224 1996 1506 2053 causam,
1538 1972 1887 2040 videndum
1934 1984 2047 2040 est.

695 2078 1118 2145 suffecturam
1176 2081 1463 2164 cuiquam
1519 2077 1688 2142 hanc
1739 2099 1880 2143 esse
1925 2078 2374 2165 disputationis
2422 2075 2777 2142 Aristoteli-

564 2202 678 2246 cae
734 2183 1322 2267 interpretationem
1378 2202 1514 2246 non
1560 2180 1789 2260 credo,
1844 2203 2065 2249 verum
2110 2180 2374 2248 difficile
2419 2191 2518 2246 est
2561 2202 2638 2246 ea
2682 2183 2776 2246 in-

563 2288 921 2370 terpretari,
964 2305 1126 2369 quae
1170 2283 1593 2371 philosophus
1636 2287 1777 2370 ipse
1820 2305 1955 2351 non
2000 2288 2151 2351 satis
2196 2285 2493 2352 distincte
2530 2294 2598 2350 et
2633 2304 2776 2369 per·

562 2389 784 2474 spicue
829 2384 1219 2473 explicuerit.
1297 2389 1608 2454 Nimirum
1652 2385 1872 2472 quales
1918 2409 2076 2454 non
2121 2390 2248 2454 siut
2290 2409 2519 2454 causae
2563 2409 2774 2454 rerum

562 2489 960 2557 fortuitarum
990 2490 1370 2558 Aristoteles
1408 2511 1527 2578 per
1572 2489 1858 2577 exempla
1905 2491 2190 2570 illustrat,
2235 2492 2454 2578 quales
2499 2494 2664 2556 sint
2704 2495 2774 2557 iu

562 2593 778 2663 medio
809 2594 1128 2681 relinquit.
1199 2593 1367 2661 Illud
1412 2598 1579 2661 euim
1624 2598 1829 2682 ipsum
1861 2595 2035 2681 quod
2074 2598 2400 2661 verissime
2430 2594 2610 2662 dicit:
2653 2596 2776 2662 τοῦ

561 2692 734 2765 κατὰ
774 2692 1190 2783 συμβεβηκὸς
1223 2703 1612 2785 γιγνομένου
1646 2700 1759 2764 καὶ
1793 2693 1915 2775 τοὶς
1947 2700 2167 2776 αἰτίας
2198 2696 2367 2766 εἶναι
2400 2691 2572 2763 κατὰ
2609 2718 2772 2782 συμ-

562 2795 848 2886 βεβηκός
874 2802 954 2881 ¹),
997 2802 1153 2868 nihil
1198 2801 1373 2868 aliud
1417 2805 1705 2868 continet
1747 2804 1866 2867 nisi
1910 2806 2270 2891 negativam
2315 2801 2773 2881 definitionem,

564 2924 699 2971 nou
744 2926 888 2972 esse
932 2909 1072 2972 eius
1116 2928 1339 2972 causas
1386 2910 1605 2982 aiz-lag
1645 2902 1813 2970 καθ’
1853 2901 2036 2973 αὑτό.
2124 2908 2303 2971 Haec
2344 2917 2554 2972 autem
2598 2916 2775 2992 post-

565 3032 751 3097 quam
796 3019 970 3076 recte
1015 3013 1248 3089 statuit,
1294 3029 1429 3074 uon
1472 3007 1725 3074 videtur
1769 3013 2033 3074 omniuo
2079 3013 2297 3096 quaeri
2339 3030 2536 3097 posse
2578 3005 2773 3075 πότε-

563 3135 687 3200 ρον
730 3110 816 3189 ὥς
861 3118 952 3189 εὶς
990 3107 1155 3191 ὕλην
1195 3113 1363 3190 κτλ,
1418 3134 1565 3177 nam
1618 3132 1782 3198 quae
1826 3123 1976 3178 sunt
2017 3134 2160 3200 per
2202 3111 2583 3180 accidens
2630 3134 2773 3178 cau-

564 3237 702 3295 sae,
762 3236 876 3280 eae
931 3225 1157 3301 suapte
1211 3226 1434 3281 natura
1491 3216 1821 3281 inhaerere
1880 3215 2131 3303 quidem
2190 3227 2464 3304 possunt
2514 3216 2774 3284 cuilibet

567 3340 893 3386 causarum
937 3322 1190 3406 generi,
1233 3318 1348 3385 sed
1393 3322 1459 3385 in
1507 3319 1689 3385 nullo
1735 3341 1975 3409 genere
2018 3317 2382 3388 ra'iv‘xoeff’
2422 3316 2622 3386 αὐτὸ
2668 3324 2773 3385 αὶ·-

562 3424 720 3489 τίων
765 3425 1193 3488 continentur.
1283 3424 1425 3490 Nec
1481 3446 1640 3490 vero
1699 3437 1847 3513 apte
1899 3429 1967 3490 in
2010 3428 2347 3512 superiore
2393 3427 2598 3511 capite
2641 3424 2771 3489 for·

562 3529 859 3594 tuitarum
896 3548 1107 3593 rerum
1147 3548 1397 3593 causam
1434 3532 1501 3592 in
1540 3532 1801 3594 materia
1845 3534 2078 3615 posuit,
2122 3525 2287 3595 ὥστε
2331 3525 2374 3609 ἡ
2419 3523 2541 3607 ὕλη
2588 3532 2773 3593 ἔσται

563 3632 745 3695 oeztloe
787 3628 831 3711 ἡ
872 3632 1260 3717 ἐνδεχομένη
1298 3626 1484 3718 παρὰ
1517 3626 1595 3699 τὸ
1633 3630 1721 3709 ὡς
1752 3634 1858 3699 ἐπὶ
1894 3628 1969 3699 τὸ
2004 3626 2176 3699 πολὺ
2207 3626 2421 3707 ἄλλως
2455 3631 2574 3698 τοῦ
2606 3650 2771 3715 συμ-

673 3784 737 3857 1)
771 3789 989 3853 Rectius,
1026 3791 1115 3842 sed
1150 3811 1330 3862 parum
1358 3792 1684 3856 Arktotelice,
1719 3793 1841 3845 haee
1875 3793 2151 3864 propositio
2187 3793 2315 3845 hane
2350 3791 2544 3843 videtur
2575 3791 2628 3844 in
2663 3791 2762 3844 sor·

560 3895 700 3928 marn
731 3875 884 3942 redigi
918 3895 1081 3947 posse.
1153 3876 1467 3941 Fortuitum,
1505 3876 1849 3948 συμβεβηκός,
1887 3880 2083 3933 videtur
2118 3878 2375 3950 quidpiam
2408 3877 2542 3940 fieri,
2585 3877 2627 3928 si
2661 3896 2766 3929 non

563 3962 629 4014 ad
660 3981 804 4014 auam
826 3981 883 4014 ac
909 3961 1165 4032 propriam
1190 3982 1392 4016 causam
1415 3965 1643 4027 refertur,
1679 3967 1768 4019 aed
1802 3968 1868 4020 ad
1901 3968 1998 4037 τὴν
2033 3967 2172 4020 κατὰ
2208 3962 2534 4036 συμβεβηκὸς
2566 3967 2764 4017 αἰών-

561 4046 745 4109 Veluti,
778 4061 838 4099 ut
859 4061 973 4101 utar
999 4050 1227 4120 exemplo
1249 4049 1581 4115 Aristotelico,
1616 4052 1682 4106 τὸ
1715 4054 1812 4122 τὴν
1848 4057 2022 4107 οὶκίαν
2055 4060 2170 4113 τοῖς
2201 4057 2295 4123 μὲν
2329 4049 2527 4119 ἡδεῖαν,
2563 4055 2678 4111 τοῖς
2712 4051 2769 4105 δὲ

560 4132 822 4205 βλαβερὰν
848 4124 980 4187 εἶναι
1015 4150 1062 4190 2.
1091 4150 1223 4192 1026
1253 4129 1306 4192 ⁸7
1345 4137 1610 4190 fortuitum
1644 4151 1735 4201 est,
1767 4138 1808 4190 si
1835 4138 2104 4210 respexeris
2135 4137 2397 4192 consilium
2426 4137 2768 4201 aedificatoris,

563 4218 650 4290 qui
682 4233 918 4272 neutrum
951 4220 1125 4273 habuit
1157 4223 1210 4275 in
1244 4223 1428 4285 animo,
1463 4225 1553 4275 sed
1589 4223 1634 4275 εἰ
1664 4224 1853 4288 accidit,
1889 4230 2091 4294 συνέβη,
2128 4239 2185 4277 ut
2207 4224 2282 4277 his
2306 4227 2514 4297 placeat,
2549 4224 2639 4277 illis
2666 4225 2765 4277 ‹lis-

561 4304 739 4375 pliceat
780 4306 1076 4360 aedificium.
1150 4309 1219 4360 At
1256 4308 1391 4361 idem
1426 4309 1490 4362 τὸ
1525 4309 1625 4379 τὴν
1661 4315 1832 4364 οὶκίαν
1874 4345 1936 4355 -
1973 4310 2234 4382 βλαβερὰν
2269 4301 2402 4364 εἶναι
2436 4311 2766 4363 necessa-ium

561 4389 830 4456 videbitur,
864 4393 906 4446 si
937 4408 1168 4447 nami-am
1201 4395 1279 4447 vel
1310 4394 1408 4448 loci
1441 4395 1517 4447 vel
1553 4395 1764 4449 aedificii
1798 4410 1848 4448 et
1880 4397 2212 4449 habitantium
2246 4397 2634 4450 iudicantiumve
2671 4397 2766 4450 ho-

561 4476 756 4531 minnm
788 4492 986 4532 naturas
1019 4479 1303 4551 respexeris.
