3109 5175
1164 400 1239 473 Γ
1274 398 1347 473 2.
1430 397 1701 475 1004α.
2401 407 2543 484 179

328 594 732 665 cognoscere
776 573 1062 642 eiusdem
1109 584 1207 642 est
1247 578 1554 643 scientiae
1598 577 1680 642 cf.
1720 576 1804 644 ad
1830 577 1903 644 B
1928 579 1992 644 2.
2022 581 2194 646 996σ
2215 582 2334 659 2ος
2378 605 2540 675 ergo

326 682 666 760 scientiae,
720 701 884 767 quae
926 689 1218 746 versatur
1261 684 1326 746 in
1373 682 1847 771 cognoscendis
1890 684 2272 770 notionibus
2315 692 2541 756 unitati

330 795 399 852 et
442 788 759 851 essentiae
802 785 1132 865 subiectis,
1179 783 1383 850 eidem
1429 785 1832 853 tribuendum
1879 790 2030 867 erit,
2071 797 2146 854 ut
2190 804 2542 881 cognoscat

325 892 633 956 notiones
685 889 793 954 vel
848 891 947 956 his
1004 891 1339 977 oppositas
1381 888 1488 954 vel
1534 912 1699 976 quae
1742 890 1960 958 reduci
2003 897 2256 979 possint
2298 895 2380 960 ad
2426 917 2540 984 op-

322 996 586 1082 positas.
673 995 856 1060 Haec
907 996 976 1060 in
1032 997 1394 1060 universum
1454 994 1682 1059 horum
1737 996 2081 1063 verborum
2140 1008 2241 1063 est
2286 1004 2540 1066 ratioci-

323 1100 524 1163 natio.
607 1096 975 1185 Sed'quum
1019 1107 1295 1184 quatuor
1335 1101 1464 1163 sint
1507 1100 1934 1186 oppositionis
1977 1122 2216 1190 genera
2263 1103 2341 1168 cf.
2388 1104 2439 1169 I
2474 1107 2535 1176 4.

327 1204 537 1268 1⁰55ae
561 1203 650 1268 38
688 1224 822 1290 sqq.
882 1206 944 1269 7.
986 1203 1308 1269 1057a33
1347 1223 1501 1289 sqq„
1548 1214 1613 1269 et
1657 1202 1997 1270 multitudo
2043 1206 2220 1293 quod
2263 1211 2539 1295 opponi·

322 1315 428 1387 tur
483 1309 711 1371 unitati
768 1306 875 1372 vel
932 1305 1016 1371 ad
1071 1308 1431 1393 negativam
1483 1308 1592 1373 vel
1636 1308 1718 1372 ad
1762 1311 2134 1395 privativam
2181 1315 2539 1398 oppositio-

319 1431 468 1475 nem
512 1410 811 1477 videatur
849 1410 1073 1475 referri
1119 1431 1331 1497 posse,
1374 1410 1533 1478 nihil
1580 1411 1843 1479 differre
1887 1413 2067 1480 addit
2109 1399 2317 1481 utru'm
2353 1436 2537 1503 prae·

320 1512 573 1593 tuleris,
631 1517 780 1601 quia
838 1518 1123 1603 cognitio
1175 1518 1272 1580 rei
1315 1514 1654 1581 cuiuslibet
1697 1517 2156 1604 complectatur
2199 1519 2385 1584 simul
2429 1540 2537 1585 co-

319 1621 678 1706 gnitionem
724 1627 790 1684 et
832 1623 1194 1708 negationis
1240 1629 1306 1684 et
1348 1621 1752 1705 privationis,
1813 1633 1879 1688 et
1926 1634 2220 1689 nentrum
2265 1626 2536 1712 cog-itari

316 1725 526 1809 possit
580 1725 722 1788 sine
776 1725 978 1809 ipsius
1028 1727 1123 1789 rei
1169 1725 1544 1812 cognitione
1602 1717 1757 1806 (διά
1801 1718 1877 1792 τὸ
1923 1722 2313 1816 ἀμφοτέρως
2355 1728 2536 1793 θεω-

316 1826 597 1911 ρεῖσθαι
631 1821 710 1892 τὸ
751 1832 819 1893 ἓν
861 1830 1058 1910 all).
1125 1828 1200 1893 In
1236 1829 1602 1915 parenthesi
1642 1840 1851 1894 autem
1887 1830 2025 1894 ⁶12
2062 1822 2110 1910 ἢ
2142 1824 2274 1918 γάρ
2309 1827 2535 1909 ἀπλὸς

318 1930 596 2014 λέγομεν
639 1968 721 1982 —-
775 1935 858 1998 16
902 1929 944 2012 ἡ
993 1934 1294 2019 στέρησις
1338 1931 1488 2018 quid
1532 1932 1889 1999 intercedat
1944 1931 2322 1999 discriminis
2366 1938 2534 2001 inter

314 2037 728 2123 negationem
776 2046 841 2100 et
882 2039 1306 2122 privationem
1354 2039 1637 2123 exponit.
1728 2037 2096 2123 Negatione
2153 2037 2312 2102 nihil
2355 2038 2534 2105 aliud

317 2138 551 2205 dicitur
592 2142 714 2204 nisi
757 2138 917 2204 illud
963 2138 1334 2226 simpliciter
1390 2162 1525 2206 non
1577 2160 1718 2204 esse
1763 2138 1939 2226 quod
1983 2152 2283 2229 negatum
2339 2145 2535 2232 signi-

315 2241 547 2308 ficatur
588 2246 783 2332 igitur
826 2244 1112 2309 absentia
1159 2244 1295 2310 eius
1341 2244 1514 2331 quod
1561 2255 1849 2332 negatur,
1895 2265 2018 2311 nec
2061 2244 2399 2332 quidquam
2436 2250 2533 2312 iu-

318 2357 417 2412 est
460 2349 528 2411 in
573 2352 942 2436 negatione,
988 2350 1109 2413 nisi
1151 2347 1219 2413 id
1266 2347 1441 2436 quod
1483 2359 1771 2437 negatur,
1814 2341 1893 2414 τὸ
1938 2354 2009 2416 ἐν
2051 2352 2132 2441 τῇ
2172 2345 2531 2440 ἀποφάσει,

318 2459 386 2516 et
430 2451 740 2537 particula
784 2451 1099 2540 negandi,
1145 2475 1268 2540 qua
1314 2450 1487 2517 aliud
1530 2450 1684 2538 quid
1728 2449 1813 2516 ab
1857 2452 1985 2518 hoc
2029 2451 2441 2533 discernatur,
2484 2451 2529 2535 ἡ

314 2549 632 2644 διαφορά.
721 2556 1006 2622 Privatio
1051 2577 1207 2622 vero
1253 2577 1388 2622 non
1432 2558 1713 2644 pertinet
1755 2555 1837 2620 ad
1884 2556 2224 2643 quidlibet,
2280 2556 2397 2622 sed
2442 2555 2530 2624 ad

316 2670 555 2724 certum
596 2659 916 2746 quoddam
956 2683 1178 2751 genus,
1224 2661 1306 2727 de
1344 2682 1473 2750 quo
1512 2659 1919 2748 praedicatur
1964 2663 2130 2742 (τινι
2172 2664 2344 2745 γένει
2375 2663 2529 2740 013,

314 2759 702 2846 ὑποκειμένη
747 2786 846 2842 τις
890 2763 1088 2855 φύσις
1121 2768 1276 2843 015,
1322 2767 1399 2830 cf.
1437 2768 1498 2831 6.
1544 2766 1750 2831 lollb
1778 2766 1920 2845 19).
1997 2763 2219 2831 Veluti
2263 2769 2526 2854 negatio

313 2862 433 2931 οὑκ
469 2865 618 2931 ἴσον
650 2867 809 2932 nihil
845 2869 1017 2936 aliud
1056 2870 1376 2959 significat
1418 2872 1539 2934 nisi
1580 2865 1699 2953 οὑχ
1734 2862 2048 2955 ὑπάρχειν
2081 2872 2286 2935 ἐκεῖνο
2324 2891 2412 2934 sc.
2448 2862 2526 2936 τὰ
2644 2916 2652 2923 -

308 2967 475 3046 ἴσον,
518 2971 658 3036 sive
701 2968 1034 3040 ἀπουσίαν
1074 2977 1198 3041 τοῦ
1239 2972 1404 3052 ἴσου,
1445 2994 1570 3037 nec
1623 2970 1963 3057 quidquam
2017 2974 2306 3037 continet
2346 2994 2526 3059 prae-

310 3083 410 3139 ter
453 3067 532 3138 τό
579 3079 650 3141 ὲν
693 3077 775 3164 τῇ
820 3073 1161 3169 ἀποφάσει
1202 3081 1242 3143 i.
1276 3099 1331 3142 e.
1377 3072 1454 3143 τὸ
1499 3074 1665 3156 ἰ’σον,
1719 3087 1787 3141 et
1828 3076 2109 3165 negandi
2152 3075 2526 3163 particulam

310 3173 423 3256 οὑ,
480 3200 603 3264 qua
650 3176 768 3245 οὐκ
811 3180 958 3249 ἴσον
1005 3180 1381 3248 discernitur
1423 3181 1506 3247 ab
1551 3179 1702 3265 ῗσῳε
1757 3183 1813 3245 si
1865 3201 2022 3246 vero
2068 3174 2302 3247 ἄνισον
2347 3180 2527 3267 quid-

305 3287 475 3371 piam
523 3282 816 3365 dicimus,
876 3306 1010 3351 non
1067 3307 1404 3374 possumus
1461 3288 1618 3371 quin
1671 3296 1910 3349 certum
1957 3283 2275 3370 quoddam
2320 3306 2524 3373 genus

307 3387 758 3475 intelligamuS,
809 3393 875 3455 in
921 3412 1051 3478 quo
1098 3401 1391 3455 cernatur
1432 3383 1765 3467 ἀνισότης,
1809 3386 1970 3454 illud
2014 3390 2303 3452 nimirum
2349 3387 2524 3474 quod

307 3492 716 3579 recipiendae
772 3492 879 3559 vel
938 3493 1304 3581 aequalitati
1359 3491 1465 3557 vel
1520 3491 1957 3578 inaequalitati
2013 3501 2239 3576 suapte
2299 3503 2526 3556 natura

308 3595 617 3662 idoneum
663 3608 789 3675 est;
834 3608 1025 3685 atque
1072 3620 1147 3663 ea
1193 3598 1445 3685 quidem
1494 3605 1594 3661 est
1634 3597 1931 3683 privatio·
2012 3593 2117 3659 Cf.
2165 3592 2247 3657 de
2292 3589 2525 3679 στερή-

309 3720 412 3766 σει
453 3699 537 3765 ad
583 3703 637 3766 A
674 3703 780 3767 22.
815 3739 897 3754 -
945 3702 1090 3789 Ipsa
1134 3701 1350 3780 verba,
1395 3699 1720 3766 salebrosa
1770 3697 1978 3762 adhuc
2018 3700 2087 3761 in
2134 3696 2521 3762 editionibus

310 3814 377 3870 et
422 3826 585 3890 quae
630 3804 823 3891 plane
869 3806 1166 3893 explicari
1211 3828 1344 3872 non
1390 3807 1657 3893 possint,
1701 3823 1777 3866 ex
1818 3800 2162 3867 Alexandri
2207 3822 2524 3866 commen-

307 3911 476 3978 tario
535 3907 615 3974 ad
674 3913 1013 3999 genuinam
1070 3910 1225 3976 mihi
1280 3908 1509 3975 videor
1551 3908 1982 3996 integritatem
2028 3908 2410 3982 restituisse3
2466 3907 2523 3970 is

311 4015 475 4078 enim
522 4032 645 4100 pro
691 4010 735 4094 ἡ
781 4012 1004 4091 ἁπλῶς
1046 4016 1361 4098 λεγομένη
1399 4016 1533 4078 012
1571 4022 1637 4078 et
1670 4030 1792 4097 pro
1832 4012 2053 4094 ἐκείνῳ
2088 4011 2224 4075 013
2263 4008 2525 4074 manife-

311 4126 414 4181 sto
471 4138 591 4182 suo
654 4139 691 4182 e
749 4126 926 4182 textu
984 4118 1241 4184 exhibet
1289 4110 1334 4198 ἦ
1389 4111 1519 4205 γάρ
1578 4113 1802 4190 ἁπλῶς
1856 4115 2132 4198 λέγομεν
2188 4124 2255 4179 et
2296 4118 2521 4178 ἐκεῖνο.

167 4240 176 4248 ·
310 4220 426 4286 Illa
475 4220 836 4287 emendatio
883 4243 1019 4287 non
1065 4231 1215 4311 eget
1256 4219 1837 4297 commendatione3
1887 4219 2046 4285 haec
2088 4221 2143 4283 si
2189 4219 2288 4282 cui
2328 4213 2523 4281 dubia

309 4324 614 4405 videatur,
649 4330 917 4414 primum
954 4326 1240 4392 attendat
1275 4329 1523 4413 opponi
1555 4327 1723 4390 inter
1751 4344 1823 4388 se
1853 4328 2059 4389 ἐκεῖνο
2095 4319 2367 4396 ἁπλῶς
2403 4315 2524 4403 οὑχ

306 4424 582 4517 ὑπάρχει
620 4441 686 4495 et
726 4436 933 4498 ἐκεῖνο
970 4435 1195 4516 γένει
1232 4432 1397 4496 τινὶ
1437 4427 1556 4516 οὐχ
1591 4423 1882 4515 ὑπάρχει,
1921 4425 2156 4495 deiude
2194 4430 2524 4510 comparet

309 4552 450 4599 cum
493 4533 706 4602 verbis
753 4532 873 4623 οὐχ
918 4532 1196 4627 ὑπάρχει
1237 4539 1444 4603 ἐκεῖνο
1487 4536 1773 4621 proxima
1818 4528 2109 4599 ἀπουσία
2154 4530 2417 4596 ἐκείνου.

2009 4638 2076 4691 12
2092 4635 2117 4660 ’
