3109 5175
1153 356 1230 427 A
1258 351 1349 426 ,2.
1423 351 1569 427 982
1586 354 1649 427 b.
2410 358 2504 433 53

295 539 403 594 ter
444 528 807 614 inspicienti
849 525 930 592 ad
960 525 1247 593 Platonis
1278 527 1525 594 fabulas
1555 530 1776 595 referri
1806 551 1999 617 posse
2028 530 2346 609 videatur-3
2389 532 2505 598 sed

294 634 358 696 si
402 633 761 696 universam
807 631 1288 719 argumentandi
1332 636 1640 698 rationem
1686 637 2055 721 respexeris,
2096 655 2232 700 non
2263 635 2506 701 videbi-

296 745 409 799 tur
450 737 711 799 retineri
755 756 969 820 posse.
1058 736 1366 800 Nimirum
1412 757 1489 800 ex
1533 735 1952 803 admiratione
2000 759 2212 802 rerum
2255 737 2507 802 mirabi-

297 837 458 903 lium
499 841 808 925 repetitur
850 837 1299 923 philosophiae
1343 839 1638 919 studium,
1681 862 1802 905 nec
1838 850 2056 905 contra
2092 859 2129 903 e
2159 838 2375 904 studio
2412 861 2507 903 sa-

298 944 585 1026 pientiae
628 939 989 1016 admirati03
1040 944 1252 1027 itaque
1297 943 1391 1024 τῷ
1434 939 1815 1037 φιλομύθῳ,
1860 946 2156 1028 quoniam
2203 939 2241 1007 ὁ
2284 944 2508 1026 μῦθος

302 1039 637 1125 σύγκειται
680 1049 751 1108 ἐκ
785 1045 1202 1127 θαυμασίων,
1245 1056 1421 1110 recte
1457 1045 1768 1125 tribuitur,
1815 1056 1887 1111 ut
1920 1043 2394 1132 quodammodo
2427 1049 2509 1110 sit

302 1145 757 1234 philosophiae
801 1147 1125 1213 studiosus
1183 1144 1560 1238 φιλόσοφός
1599 1171 1792 1228 πως,
1846 1172 1970 1214 nec
2021 1169 2179 1213 vero
2236 1146 2512 1235 intelligi

302 1260 543 1337 potest,
584 1272 709 1337 qua
753 1254 1002 1316 ratione
1047 1251 1276 1318 ductus
1321 1252 1711 1339 philosopho
1746 1250 2120 1319 Aristoteles
2155 1249 2508 1315 fabularum

304 1339 590 1442 assignet
631 1353 925 1419 studium.

440 1460 619 1523 Haec
644 1459 990 1524 theoretica
1021 1457 1467 1545 philosophiae
1498 1470 1722 1525 natura
1755 1481 1835 1524 eo
1867 1456 2292 1534 confirmatur,
2335 1454 2510 1542 quod

305 1564 525 1647 quaeri
573 1573 799 1647 coepta
847 1570 943 1626 est
985 1584 1176 1648 quum
1222 1564 1345 1627 iam
1388 1573 1804 1649 suppeterent
1847 1572 1912 1626 et
1949 1582 2112 1647 quae
2154 1562 2509 1625 necessaria

305 1674 459 1728 sunt
513 1664 594 1729 ad
651 1663 989 1730 vivendum
1049 1676 1115 1730 et
1165 1688 1327 1751 quae
1383 1666 1464 1730 ad
1509 1670 1740 1732 victum
1789 1677 1853 1731 et
1896 1663 2132 1730 cultum
2175 1665 2511 1748 pertinent,

304 1762 574 1833 πάντων
616 1764 1043 1854 ὑπαρχόντων
1087 1771 1218 1834 τῶν
1260 1767 1641 1854 ἀναγκαίων
1674 1772 1785 1835 καὶ
1820 1761 1987 1850 πρὸς
2018 1761 2365 1852 ῥᾳστώνην
2398 1767 2512 1831 καὶ

307 1868 644 1955 διαγωγὴν
684 1869 728 1951 ἡ
763 1867 1033 1950 τοιαύτη
1073 1866 1394 1960 φρόνησις
1425 1866 1675 1958 ἤρξατο
1711 1872 2058 1953 ζητεῖσθαι
2093 1870 2242 1934 ῠ22.
2308 1870 2512 1947 Unus,

308 1974 486 2060 quod
543 1979 763 2053 sciam,
819 1974 1265 2063 Schweglerus
1322 1974 1482 2039 haec
1531 1974 1730 2040 verba
1774 1974 1957 2038 aliter
2000 1980 2100 2037 est
2142 1974 2513 2057 interpreta-

310 2089 442 2152 tus;
500 2081 555 2142 is
602 2079 768 2143 enim
813 2090 1017 2157 ratus,
1072 2082 1124 2143 si
1180 2082 1267 2143 ita
1324 2077 1637 2143 voluisset
1679 2077 2057 2143 Aristoteles
2111 2078 2512 2140 enunciatum

310 2180 602 2270 intelligi,
644 2181 1048 2248 scribendum
1094 2183 1289 2247 fuisse
1332 2184 1441 2246 καὶ
1486 2183 1640 2247 τῶν
1683 2174 1851 2269 πρὸς
1894 2181 2115 2266 paor„
2160 2178 2354 2244 verba
2401 2181 2512 2244 καὶ

308 2279 477 2369 πρὸς
518 2287 709 2372 ῥαστ.
753 2308 808 2351 κ.
855 2287 912 2351 ὃ.
961 2285 1041 2350 ad
1084 2280 1332 2368 ἤρξατο
1378 2285 1728 2364 ζητεῖσθαι
1771 2285 1991 2362 trahit,
2053 2295 2118 2349 et
2174 2285 2265 2348 sic
2320 2286 2514 2348 inter-

310 2399 617 2473 pretatur:
678 2400 856 2455 «eret
899 2391 1001 2454 als
1034 2414 1188 2454 man
1223 2393 1313 2454 im
1343 2389 1574 2454 Besitz
1610 2390 1770 2453 alles
1797 2383 2320 2472 R'otlodendigen
2350 2411 2512 2468 war,

310 2492 569 2577 hegcan
598 2490 774 2575 aian,
816 2516 963 2558 zum
991 2492 1255 2579 Belitgse
1272 2493 1610 2577 seium-en,
1655 2494 1914 2558 edleren
1939 2492 2514 2575 Lebeasgemoem

312 2596 481 2661 mli
507 2596 675 2661 nach
703 2597 1361 2683 wieomsehqstliclaer
1385 2598 1688 2664 ΕἱηεὶοΙει
1715 2621 1798 2661 zu
1826 2595 2146 2677 etv-ehem»
2190 2595 2398 2660 allatis
2429 2594 2512 2659 ad

312 2698 807 2765 confirmandam
865 2702 1030 2765 hanc
1072 2702 1554 2788 explicationem
1604 2713 1667 2767 et
1710 2701 1848 2765 aliis
1894 2699 2085 2776 locis,
2143 2699 2362 2785 quales
2408 2698 2516 2763 ad-

311 2805 676 2888 scripsimus
720 2804 804 2869 ad
851 2808 908 2870 l.
954 2806 1116 2871 981⁶
1151 2807 1254 2884 18,
1299 2817 1363 2871 et
1406 2809 1749 2892 praecipue
1779 2802 1970 2867 Polit.
2002 2803 2126 2867 vll
2165 2806 2262 2868 15.
2307 2804 2513 2868 1334«

311 2908 428 2971 22:
473 2903 750 2994 ἀνδρίας
789 2908 903 2971 καὶ
945 2912 1293 2997 καρτερίας
1337 2911 1435 2975 δεῖ
1477 2901 1645 2995 πρὸς
1688 2902 1809 2986 τὴν
1853 2903 2194 2989 ἀσχολίαν,
2238 2907 2516 2995 ‹paloco-

313 3011 479 3098 φίας
533 3005 701 3095 πρὸς
752 3004 876 3090 τὴν
932 3006 1176 3097 σχολὴν
1229 3014 1342 3076 καὶ
1385 3006 1735 3095 διαγωγήν.
1824 3008 1954 3073 Sed
1999 3030 2210 3095 neque
2255 3018 2518 3095 oporte-

312 3113 438 3190 bat,
484 3112 659 3198 quod
704 3118 1009 3200 opinatur·
1045 3114 1505 3203 SchwegleruS,
1546 3116 1762 3178 iterari
1805 3112 2153 3191 articulum,
2204 3111 2513 3198 siquidem

313 3238 442 3282 una
498 3220 766 3282 notione
822 3222 1093 3304 scriptor
1135 3215 1590 3305 comprehendi
1631 3216 1837 3281 voluit
1880 3238 2042 3302 quae
2096 3215 2203 3281 vel
2255 3213 2336 3280 ad
2383 3237 2518 3279 sus-

312 3320 678 3385 tentandam
736 3324 928 3385 vitam
982 3325 1338 3387 necessaria
1392 3322 1497 3386 vel
1553 3320 1728 3385 utilia
1782 3331 1932 3386 suut
1975 3320 2054 3385 ad
2103 3342 2240 3384 eam
2285 3340 2518 3385 ornan-

314 3423 487 3500 dam3
534 3445 743 3509 neque
787 3428 1089 3489 notiones
1132 3423 1470 3491 admodum
1516 3423 1639 3488 sibi
1682 3423 1910 3487 affines
1940 3418 2245 3509 ῥᾳστώνη
2277 3434 2342 3487 et
2371 3424 2516 3487 δια-

312 3523 495 3612 γωγή
540 3549 658 3613 per
700 3528 1039 3613 particulas
1082 3531 1196 3592 καί
1242 3566 1320 3579 -
1367 3530 1480 3593 καί
1525 3529 1982 3605 coniunxisset,
2038 3526 2152 3590 sed
2199 3547 2315 3611 per
2356 3536 2516 3610 part.

311 3654 385 3696 τε
429 3669 519 3681 -
562 3634 702 3695 nai:
761 3652 969 3717 neque
1025 3626 1332 3717 ῥᾳστώνη
1389 3631 1708 3718 significat
1762 3632 2035 3707 otium,
2090 3629 2204 3694 sed
2259 3627 2521 3693 vivendi

314 3734 682 3799 facilitatem
726 3733 831 3798 vel
879 3734 1419 3813 commoditatem,
1475 3733 1877 3820 philosophia
1937 3744 2143 3799 autem
2190 3732 2270 3797 ad
2317 3734 2514 3797 otium

316 3837 751 3904 exornandum
797 3837 920 3901 dici
974 3847 1190 3923 potest
1240 3836 1475 3923 aliquid
1522 3838 1845 3915 conferre,
1899 3830 2067 3921 πρὸς
2108 3830 2230 3916 τὴν
2273 3832 2520 3920 σχολήν

315 3941 509 4007 Polit.
555 3941 597 4006 l.
644 3941 716 4021 l.‚
773 3962 909 4006 uon
960 3944 1112 4007 item
1159 3941 1239 4005 ad
1287 3939 1814 4006 commoditatem.
1903 3940 2203 4026 Denique
2245 3939 2524 4005 vocabu·

316 4044 447 4110 lum
492 4040 784 4128 διαγωγή
831 4043 1018 4110 latius
1061 4053 1260 4131 patet,
1305 4053 1376 4108 ut
1410 4042 1818 4130 philosophia
1861 4042 2088 4108 eodem
2129 4047 2269 4108 iure
2301 4054 2365 4108 et
2396 4043 2520 4107 dici

318 4150 527 4234 possit
567 4150 807 4232 req-uiri
848 4146 933 4211 ad
977 4142 1324 4231 διαγωγήν,
1370 4156 1436 4212 et
1477 4150 1735 4211 inventa
1777 4145 2024 4211 demum
2056 4168 2195 4212 esse
2226 4147 2522 4233 perfectis

321 4253 443 4315 iam
489 4249 732 4317 artibus
778 4251 1073 4317 omnibus
1131 4272 1293 4336 quae
1337 4254 1732 4336 pertinerent
1777 4249 1856 4314 ad
1901 4246 2257 4334 διαγωγήν,
2315 4249 2394 4313 cf.
2441 4247 2523 4313 ad

326 4357 384 4419 l.
428 4356 592 4421 9811·
632 4356 735 4421 18.
826 4355 1045 4440 ltaque
1101 4353 1492 4420 redeundum
1551 4353 1632 4419 ad
1679 4353 1999 4440 vulgatam
2044 4354 2389 4437 antiquitus
2433 4354 2527 4416 in-

324 4461 875 4546 terpretationem,
931 4479 1095 4544 quae
1150 4460 1352 4546 magis
1408 4460 1595 4523 etiam
1655 4455 2018 4523 confirmari
2068 4454 2417 4535 videbitur,
2473 4456 2528 4519 si
