3109 5175
2397 391 2496 467 27

306 562 378 627 cf.
421 563 509 628 M
550 561 607 628 l.
658 563 868 631 1076ae
911 567 973 644 9,
1016 562 1121 629 vel
1167 585 1356 651 quum
1398 566 1649 651 possint
1691 564 1894 632 videri
1939 565 2018 632 ad
2051 567 2496 655 Metaphysiea
2541 591 2552 598 ·

304 667 637 753 pertinere,
696 681 968 755 possunt
1020 679 1230 734 tamen
1287 672 1471 734 etiam
1528 669 1754 734 referri
1800 670 1878 738 ad
1925 671 2229 758 physicos
2274 673 2492 752 libros,

304 771 378 834 ef.
419 769 499 836 ad
542 774 633 837 M
659 775 715 837 l.
749 771 958 839 10760
992 775 1094 839 lo.
1142 775 1218 838 Ν
1239 775 1301 838 2.
1339 775 1538 839 10881)
1568 776 1684 848 24;
1729 785 1800 839 et
1841 797 2005 862 quae
2051 788 2272 841 eontra
2316 777 2496 842 ideas

304 874 657 940 Platonicas
703 895 823 963 per
863 876 1065 942 libros
1113 878 1175 941 Z
1214 887 1279 941 et
1321 879 1410 941 H
1446 877 1818 965 disputavit,
1869 901 1952 944 ne
1995 879 2198 944 verbo
2242 881 2496 967 quidem

305 982 568 1065 respicit.
644 978 903 1045 Librum
939 982 987 1046 I
1024 992 1201 1046 certe
1243 1001 1376 1046 non
1422 983 1750 1068 scripsisse
1780 984 2184 1049 Aristotelem
2231 995 2380 1050 ante
2423 986 2496 1050 li-

307 1082 444 1148 bros
490 1086 649 1149 MN
689 1083 793 1148 vel
840 1089 914 1149 iis
961 1105 1094 1149 non
1139 1083 1420 1149 voluisse
1460 1090 1776 1173 praeponi
1822 1098 2110 1173 apertum
2155 1100 2278 1164 est;
2337 1088 2496 1154 alio-

305 1190 443 1273 quin
490 1209 657 1274 quae
704 1193 781 1256 N
821 1193 876 1254 l.
928 1190 1133 1254 108⁷«
1178 1191 1264 1254 33
1310 1187 1393 1254 de
1448 1192 1705 1255 unitatis
1751 1195 2017 1262 notione
2062 1198 2328 1278 copiose
2371 1191 2498 1257 dis-

302 1294 447 1356 serit
490 1289 956 1380 supersedisset
998 1292 1293 1379 profecto
1340 1289 1680 1379 explicare,
1727 1299 2024 1381 quoniam
2072 1298 2290 1362 eadem
2338 1297 2500 1362 dilu-

304 1394 435 1459 cide
482 1397 531 1461 I
558 1400 593 1463 1
645 1409 1016 1483 persecutus
1061 1408 1176 1461 est.
1223 1431 1310 1446 -——
1366 1397 1588 1482 Quare
1643 1409 1716 1462 ut
1762 1398 2137 1465 referendos
2192 1419 2331 1466 esse
2376 1403 2496 1467 hos

302 1498 425 1563 duo
482 1499 689 1566 libros
747 1500 827 1566 ad
884 1504 1143 1588 primam
1190 1500 1657 1586 philosophiam
1716 1514 1993 1582 constat,
2048 1506 2134 1569 ita
2193 1526 2322 1591 quo
2367 1510 2498 1571 sint

266 1601 440 1666 ‘loco
486 1606 555 1667 in
601 1609 900 1671 universo
947 1605 1275 1671 doctrinae
1319 1624 1594 1690 corpore
1636 1605 1920 1693 ponendi
1965 1612 2030 1671 in
2075 1607 2288 1673 medio
2323 1609 2499 1673 vide-

300 1717 396 1770 tur
436 1707 941 1795 relinquendum.
1023 1710 1165 1775 Nec
1208 1710 1410 1796 magis
1458 1708 1541 1774 de
1589 1731 1664 1775 ea
1707 1720 1888 1797 parte
1923 1710 2066 1776 libri
2103 1714 2187 1776 M
2215 1718 2299 1791 (c.
2330 1715 2391 1777 4.
2424 1716 2496 1794 5)

299 1831 453 1896 quae
511 1811 734 1877 iisdem
790 1812 929 1877 fere
987 1812 1196 1879 verbis
1254 1812 1494 1901 legitur
1536 1817 1610 1879 A
1652 1817 1696 1879 9
1753 1813 1858 1879 vel
1916 1826 2154 1881 certum
2198 1815 2495 1886 iudicium

298 1913 499 1979 habeo
544 1915 651 1979 vel
697 1914 1093 2002 probabilem
1140 1919 1587 1983 coniecturam.

423 2019 606 2084 Haec
647 2023 702 2083 si
747 2039 885 2088 cum
932 2021 1140 2107 aliqua
1198 2024 1478 2085 veritatis
1532 2023 1751 2106 specie
1807 2021 2124 2108 disputata
2181 2036 2358 2102 sunt,
2412 2019 2495 2088 de

296 2122 867 2209 metaphysicorum
926 2117 1228 2191 libroruin
1288 2124 1516 2189 ordine
1575 2135 1640 2189 et
1694 2135 1994 2191 contextu
2039 2127 2210 2193 hunc
2249 2128 2388 2193 fere
2428 2131 2495 2192 in

298 2225 549 2292 modum
594 2226 851 2292 videtur
893 2230 1293 2296 statuendum
1342 2249 1509 2293 essee

284 2349 293 2358 ·
422 2332 583 2398 Uno
606 2331 1193 2418 Metaphysicorum
1213 2332 1539 2398 volumine
1563 2331 1727 2398 duae
1757 2338 2166 2400 eontinentur
2195 2333 2277 2408 de
2298 2339 2494 2424 prima

297 2433 701 2521 philosophia
748 2435 1242 2522 disputationes,
1287 2434 1481 2501 altera
1528 2436 1790 2504 uberior
1834 2447 1902 2503 et
1939 2442 2024 2503 ita
2069 2441 2379 2518 instituta,
2425 2449 2498 2505 ut

297 2541 648 2603 universam
708 2541 944 2624 primas
1000 2540 1444 2628 philosophiae
1500 2539 1851 2607 doctrinam
1898 2541 2276 2608 Aristoteles
2329 2563 2498 2609 com-

295 2641 484 2728 plecti
514 2648 881 2730 susciperet,
917 2649 1324 2711 continuatur
1356 2664 1474 2731 per
1503 2645 1704 2710 libros
1732 2646 2212 2725 ΑΒΓΕΖΗΘ,
2258 2658 2322 2715 et
2359 2652 2496 2714 eius

297 2746 548 2832 quidem
606 2744 1055 2834 disputationis
1111 2770 1259 2837 pars
1303 2748 1796 2814 BI'E·brevius
1851 2749 2218 2815 adumbrata
2277 2770 2496 2838 super-

297 2860 392 2915 est
434 2856 502 2916 in
548 2850 713 2916 libro
757 2853 829 2917 K
878 2855 1091 2918 1-8.
1185 2852 1283 2917 Ad
1340 2852 1604 2919 eandem
1651 2851 2143 2939 disputationem
2192 2858 2496 2922 Aristotea

295 2954 388 3019 les
428 2956 673 3021 referre
718 2961 1047 3023 constituit
1090 2956 1318 3022 librum
1352 2958 1399 3023 I
1440 2968 1505 3021 et
1533 2955 1733 3022 libros
1767 2956 1933 3034 MN,
1976 2957 2090 3022 sed
2122 2960 2349 3045 quibus
2382 2982 2497 3046 po-

297 3063 598 3126 tissimum
655 3061 815 3126 locis
872 3080 986 3127 eos
1031 3065 1186 3148 poni
1231 3060 1513 3126 voluerit
1556 3059 1817 3127 dubium
1861 3071 1978 3126 est.
2067 3060 2281 3128 Altera
2328 3082 2496 3128 com-

294 3167 618 3244 mentatio,
651 3185 783 3228 non
823 3162 1132 3247 destinata
1172 3164 1251 3231 ad
1290 3163 1832 3250 complectendam
1870 3170 2225 3233 universam
2259 3172 2496 3254 primae

296 3266 743 3354 philosophiae
788 3268 1158 3347 doctrinam,
1202 3268 1316 3334 sed
1361 3268 1442 3332 ad
1474 3268 1859 3334 tractandam
1890 3270 2270 3358 pemiliarem
2304 3294 2496 3358 ‹luan-

298 3370 435 3435 dam
483 3376 937 3458 quaestionem,
984 3393 1115 3438 uno
1162 3373 1329 3438 libro
1360 3374 1436 3438 A
1484 3376 1860 3438 continetur.
1900 3410 1982 3425 —
2027 3376 2222 3440 Liber
2264 3380 2316 3442 A
2359 3378 2496 3440 Ari-

296 3474 543 3541 stotelis
588 3476 841 3562 quidem
888 3486 1000 3555 est,
1042 3477 1160 3543 sed
1204 3476 1447 3542 alienus
1491 3498 1526 3541 a
1569 3472 1768 3563 prima
1811 3477 2248 3565 philosophia;
2309 3484 2497 3544 inter·

295 3581 541 3663 positus
583 3591 790 3645 autem
836 3578 1088 3646 videtur
1121 3582 1566 3669 metaphysicis
1603 3580 1796 3659 libris,
1841 3585 1987 3666 quia
2021 3585 2089 3645 in
2125 3582 2221 3645 his
2258 3582 2496 3668 aliquo·

297 3684 415 3747 ties
460 3687 821 3769 respicitur,
870 3697 935 3749 et
975 3690 1374 3772 praepositus
1420 3685 1674 3772 quidem
1717 3685 1882 3750 libro
1927 3687 2016 3761 E,
2074 3690 2218 3772 quia
2264 3690 2326 3750 in
2372 3688 2498 3752 hoc

296 3783 547 3850 demum
592 3786 1037 3873 disputationis
1080 3792 1229 3873 περὶ
1280 3792 1410 3854 τῶν
1452 3791 1796 3876 πολλαχῶς
1847 3791 2212 3875 λεγομένων
2256 3793 2497 3856 mentio

295 3886 390 3954 fit.
422 3924 509 3938 -—
555 3890 752 3956 Liber
794 3916 841 3956 α
882 3910 1032 3957 num
1080 3895 1163 3956 sit
1192 3893 1550 3958 Aristotelis
1596 3896 1663 3958 in
1709 3892 2165 3958 dubitationem
2210 3896 2346 3987 iure
2383 3916 2497 3959 vo-

299 4002 501 4069 catum
546 3990 661 4059 sed
706 3999 844 4059 sive
890 4004 986 4060 est
1030 3996 1406 4075 Aristotelis,
1450 4001 1587 4061 sive
1627 4016 1763 4062 non
1810 4009 1921 4075 est,
1967 4018 2003 4061 a
2047 4001 2243 4084 prima
2289 3997 2496 4085 philo-

298 4096 525 4182 sophia
570 4099 868 4185 prol'ecto
914 4111 1010 4164 est
1055 4099 1506 4187 seiungendus.
1555 4134 1637 4151 ——-
1696 4101 1995 4187 Denique
2046 4100 2194 4166 libri
2239 4102 2313 4166 K
2351 4120 2497 4187 pars

299 4196 491 4264 altera
538 4222 575 4265 a
621 4207 986 4288 posteriore
1030 4202 1305 4289 quodam
1352 4203 1744 4291 philosopho
1806 4222 1881 4269 ex
1925 4204 2212 4290 Physicis
2256 4207 2499 4271 Aristo·

300 4303 446 4368 telis
504 4305 911 4395 negligenter
955 4318 1053 4373 est
1092 4319 1404 4394 excerpta.
1449 4342 1534 4357 -—
1595 4309 1732 4373 Hos
1780 4308 2253 4394 quatuordecim
2299 4308 2498 4375 libros

300 4410 657 4495 quicunque
711 4413 950 4496 primus
1006 4414 1073 4475 in
1131 4432 1325 4476 unum
1370 4411 1671 4499 volumen
1717 4416 2072 4489 coniunxit,
2128 4422 2391 4498 propter
2433 4410 2497 4476 id

298 4511 530 4596 ipsum,
590 4517 733 4599 quia
786 4517 989 4601 prima
1035 4514 1443 4603 philosophia
1491 4536 1624 4582 non
1669 4519 1982 4582 sonitinuo
2021 4516 2254 4584 ordine
2297 4528 2364 4581 et
2405 4538 2500 4580 ra-
