3109 5175
1193 390 1266 460 A
1319 387 1431 460 15.
1516 386 1785 461 loma.
2445 384 2586 461 261

389 574 486 629 est
535 562 918 651 perplexior.
1008 564 1076 629 Si
1135 583 1444 650 superans
1503 575 1804 652 superato
1850 568 2147 630 universe
2194 566 2591 650 opponimus,

388 689 759 747 mensuram,
805 690 926 753 qua
973 681 1308 753 utrumque
1350 671 1696 746 metiamur,
1749 667 1854 734 vel
1897 672 2226 746 rationem,
2273 690 2395 754 qua
2442 667 2594 733 alte-

387 794 526 836 rum
572 786 907 858 superetur
952 772 1032 838 ab
1076 772 1307 852 altero,
1367 793 1501 837 non
1555 771 1920 850 definimus;
1980 794 2054 838 ea
2099 793 2389 837 mensura
2437 793 2595 859 quo-

387 879 553 941 niam
600 874 963 941 definienda
1011 886 1147 940 erat
1187 899 1304 962 per
1350 897 1664 950 numeros,
1719 897 1803 941 ne
1846 881 2034 942 certis
2081 876 2333 963 quidem
2378 898 2593 941 nume-

387 985 473 1046 ris
531 983 998 1066 circumscripta
1055 980 1216 1045 haec
1271 991 1369 1045 est
1423 985 1608 1046 ratio.
1664 982 1844 1045 ·Hoc
1887 982 2023 1046 fere
2067 1003 2258 1067 quum
2301 979 2594 1045 videatur

388 1083 600 1149 dicere
645 1083 956 1162 voluisse,
1015 1105 1234 1171 parum
1293 1097 1440 1171 apte
1499 1088 1824 1150 coniunxit
1869 1106 2029 1172 quae
2073 1087 2241 1149 inter
2284 1105 2355 1150 se
2397 1086 2593 1148 mani-

390 1188 553 1253 festo
599 1201 987 1276 repugnant,
1045 1209 1296 1254 omnem
1349 1211 1675 1254 numerum
1722 1210 1865 1254 esse
1909 1186 2281 1274 σύμμετρον
2325 1189 2594 1254 etbaec

389 1291 526 1357 dici'
556 1285 728 1357 acatal
770 1286 865 1374 μὴ
911 1287 1282 1380 σύμμετρον
1327 1289 1647 1378 ἀριθμόν.
1697 1329 1778 1344 -

523 1395 624 1460 Ad
669 1395 836 1460 idem
881 1395 1208 1460 relationis
1265 1418 1470 1485 genus
1528 1394 1659 1461 alio
1714 1396 1986 1482 quodam
2032 1396 2228 1462 modo
2274 1401 2594 1484 pertinent

388 1498 464 1565 τὸ
508 1498 685 1577 ἰ’σον,
741 1495 817 1564 τὸ
864 1495 1099 1585 ὅμοιον
1142 1498 1255 1580 al.,
1312 1505 1551 1587 quippe
1610 1522 1772 1587 quae
1830 1504 2040 1566 omnia
2098 1502 2454 1568 referantur
2509 1501 2591 1566 ad

388 1607 708 1681 unitatem,
743 1605 1057 1668 ‹ze—14.
1085 1642 1165 1655 —
1192 1607 1328 1671 «112
1357 1600 1448 1670 τὸ
1485 1606 1569 1669 ἓν
1603 1607 1749 1670 τοῦ
1784 1602 2158 1692 ἀριθμοῦ
2195 1601 2402 1691 ἀρχή
2437 1608 2590 1685 xri„

388 1708 466 1772 cf.
513 1707 593 1772 ad
639 1711 699 1772 6.
751 1709 952 1772 101Βὸ
996 1710 1097 1773 18.

518 1811 594 1891 b)
644 1812 852 1876 1021ae
900 1815 1205 1879 14—26.
1300 1810 1584 1877 Alterum
1627 1813 1759 1877 τῶν
1803 1808 1970 1897 πρός
2010 1835 2077 1876 τι
2115 1833 2319 1900 genus
2363 1810 2430 1876 id
2474 1823 2591 1877 est»

387 1913 560 2001 quod
605 1917 874 1980 activum
919 1918 1088 1979 inter
1133 1927 1196 1982 et
1238 1920 1552 2003 passivum
1599 1915 1949 1993 intercedit,
2000 1919 2134 1981 sive
2180 1939 2255 1981 ea
2300 1919 2589 2004 potentia

386 2028 536 2084 sunt
588 2021 724 2083 sive
781 2030 956 2096 actu,
1016 2023 1154 2084 sive
1210 2025 1573 2106 praesentia
1632 2024 1769 2084 sive
1823 2019 2105 2106 perfecta
2162 2023 2299 2084 sive
2357 2020 2583 2085 futura.

386 2123 529 2187 Hoc
570 2143 777 2210 genus
821 2122 1151 2189 relationis
1196 2143 1324 2208 quo
1369 2127 1570 2212 magis
1616 2146 1651 2188 a
1696 2126 2028 2209 superiore
2072 2123 2433 2212 distinguat,
2479 2123 2589 2188 ad-

388 2226 482 2291 dit
520 2229 683 2291 019:
741 2227 874 2291 τῶν
929 2227 999 2293 δὲ
1046 2223 1191 2291 κατ’
1230 2224 1533 2315 ἀριθμὸν
1578 2225 1696 2294 οὐκ
1741 2228 1904 2293 εἰσὶν
1959 2229 2300 2314 ἐνέργειαι,
2359 2225 2504 2294 ἀλλ’
2544 2224 2589 2309 ἢ

387 2325 466 2397 ὃν
520 2326 768 2416 τρόπον
825 2334 898 2395 ἐν
951 2333 1194 2416 ἑτέροις
1249 2330 1516 2420 εἴρηται.
1619 2331 1774 2418 Quo
1832 2340 2125 2417 spectent
2179 2333 2337 2397 baec
2390 2331 2582 2398 verba

385 2456 776 2521 quamquam„
815 2446 990 2498 certo
1050 2433 1172 2498 dici
1227 2456 1362 2499 non
1419 2447 1660 2522 potest,
1721 2434 2062 2522 probabile
2107 2447 2316 2501 tamen
2363 2447 2461 2502 est
2504 2436 2584 2501 ad

387 2537 697 2606 eiusmodi
757 2537 968 2603 locum
1013 2537 1281 2625 aliquem
1326 2543 1647 2628 respicere
1695 2538 2126 2620 Aristotelem,
2183 2540 2434 2627 qualem
2478 2542 2586 2606 ba-

389 2644 607 2710 bemus
645 2643 703 2709 Θ
730 2645 792 2708 9.
828 2646 1037 2709 1051a
1061 2647 1174 2709 30:
1222 2643 1433 2710 αἴτιον
1477 2643 1537 2710 δ’
1579 2641 1682 2711 ὅτι
1723 2639 1950 2724 νόησις
1990 2641 2037 2724 ἡ
2073 2650 2378 2731 ἐνέργεια.
2448 2645 2586 2710 Nn—

385 2754 540 2815 meri
585 2769 719 2814 non
763 2751 884 2834 ipsi
928 2747 1179 2833 quidem
1225 2751 1616 2837 ὲνεργοῦσιν,
1658 2748 1771 2815 sed
1808 2755 1894 2813 ita
1929 2761 2139 2813 tamen
2177 2770 2583 2815 numerorum

385 2858 673 2939 ἐνέργεια
718 2874 860 2917 esse
904 2862 1124 2939 potest
1167 2851 1322 2932 dici,
1370 2857 1515 2940 quia
1562 2864 1712 2918 sunt
1752 2873 1871 2940 per
1914 2855 2239 2936 ἐνέργειαν
2280 2855 2402 2919 τοῦ
2441 2856 2580 2919 νοῦ.

386 2960 564 3024 Haec
619 2955 961 3023 Alexandri
1025 2958 1461 3043 interpretatio
1531 2957 1942 3022 confirmatur
2004 2960 2304 3042 proximis
2367 2956 2583 3022 verbis

384 3064 550 3141 ⁶20,
596 3083 786 3148 quum
832 3059 1086 3146 quidem
1133 3064 1193 3125 ei
1237 3062 1552 3147 ἐνεργείᾳ,
1597 3083 1761 3147 quae
1805 3062 2080 3125 numeris
2125 3064 2329 3146 possit
2370 3060 2580 3141 tribui,
2652 3100 2662 3113 ·

386 3169 737 3254 opponitur
781 3161 823 3243 ἡ
867 3159 1039 3229 κατὰ
1079 3166 1335 3244 κίνησιν
1378 3169 1682 3250 ἐνέργεια.
1771 3162 2215 3252 Schweglerus
2258 3165 2433 3251 quod
2480 3187 2583 3231 su-

384 3274 661 3357 spicatur
706 3291 844 3334 eam
876 3268 1000 3333 dici
1039 3289 1443 3333 numerorum
1473 3273 1819 3353 ἐνέργειαν,
1863 3292 2050 3356 quum
2089 3291 2163 3334 ex
2204 3269 2454 3336 duobus
2492 3270 2583 3335 fa-

386 3373 669 3439 ctoribus
724 3395 932 3438 novus
992 3375 1230 3438 exsistit
1289 3394 1403 3458 per
1469 3371 2055 3459 multiplicationem
2122 3395 2447 3453 numeru8‚
2514 3374 2581 3439 id

385 3500 755 3564 quamquam
801 3498 934 3542 non
981 3487 1080 3541 est
1122 3475 1546 3563 improbabile
1590 3497 1724 3540 non
1767 3476 2021 3541 videtur
2064 3487 2276 3541 tamen
2320 3499 2394 3542 ex
2434 3480 2579 3564 ipso

385 3579 732 3648 Aristotele
778 3580 1137 3647 confirmari
1181 3600 1394 3667 posse.

515 3689 592 3767 c)
641 3687 850 3751 1021«
882 3687 1185 3750 26-b3.
1257 3683 1444 3770 Quae
1489 3684 1815 3770 bucusque
1860 3693 2220 3749 enumerata
2264 3693 2412 3748 sunt
2449 3681 2577 3749 duo

383 3812 619 3880 genera
664 3790 786 3854 τοῦ
825 3785 992 3877 πρός
1033 3813 1096 3854 τι
1138 3790 1264 3854 boc
1305 3788 1544 3853 habent
1588 3807 1939 3867 commune,
1984 3801 2056 3853 ut
2093 3790 2419 3873 utriusque
2450 3789 2581 3852 τῶν

385 3890 550 3981 πρός
591 3917 656 3958 τι
697 3904 924 3959 natura
968 3916 1044 3959 ac
1086 3895 1268 3958 notio
1315 3902 1613 3958 cernatur
1653 3894 1722 3956 in
1764 3894 1899 3978 ipsa
1942 3891 2270 3971 relatione,
2317 3927 2398 3942 —
2442 3892 2577 3956 ἐστὶ

385 3992 552 4082 πρός
602 4021 666 4062 τι
721 4000 813 4081 τῷ
870 3993 1030 4087 ὅπερ
1088 4002 1115 4076 (
1131 3997 1209 4062 cf.
1254 3996 1337 4061 ad
1380 3997 1449 4061 Γ
1482 3998 1545 4061 2.
1595 3996 1797 4062 10031)
1836 3998 1964 4077 33)
2009 3998 2187 4062 ἐστὶν
2229 3988 2434 4061 ἄλλον
2475 3996 2577 4059 λέ-

384 4103 636 4184 γεσθαι
680 4096 842 4168 αὐτὸ
889 4097 927 4167 ὅ
973 4106 1149 4169 ἐστιν
1191 4103 1324 4166 κτλ.
1366 4102 1534 4181 «228,
1592 4101 1673 4166 cf.
1720 4101 1865 4168 Cat.
1913 4104 1972 4168 7.
2017 4103 2099 4167 sa
2139 4101 2252 4167 31:
2310 4100 2446 4164 ἔστι
2494 4092 2576 4163 τὰ

385 4200 551 4292 πρός
604 4230 670 4271 τι
723 4203 822 4284 οἷς
876 4201 953 4271 τὸ
1013 4201 1180 4273 εἶναι
1233 4199 1477 4271 ταύτόν
1534 4209 1674 4272 ἐστι
1726 4206 1819 4289 τῷ
1870 4201 2039 4292 πρός
2091 4208 2158 4270 τί
2211 4227 2348 4279 πως
2394 4203 2575 4287 ἔχειν.

389 4312 555 4396 Top.
596 4311 692 4375 Vl
732 4311 1005 4376 4.-142a
1034 4312 1142 4375 29.
1198 4311 1260 4375 8.
1303 4312 1460 4375 146⁶
1484 4311 1545 4375 3.
1634 4309 2169 4398 Distinguendum
2212 4306 2295 4374 ab
2339 4307 2436 4371 bis
2480 4315 2579 4370 est

385 4417 437 4478 si
469 4414 621 4500 quid
650 4424 988 4501 propterea
1009 4419 1092 4480 in
1125 4435 1363 4503 genere
1396 4411 1669 4479 relativo
1700 4417 1980 4501 ponitur,
2007 4434 2143 4479 non
2171 4411 2344 4499 quod
2371 4414 2576 4498 ipsum

384 4517 693 4585 referatur
737 4517 820 4585 ad
863 4518 1055 4599 aliud,
1099 4517 1216 4586 sed
1260 4521 1406 4606 quia
1451 4515 1627 4583 aliud
1668 4517 1939 4583 refertur
1980 4516 2063 4583 ad
2103 4520 2328 4605 ipsum.
2397 4516 2575 4580 Eius-
