3109 5175
1179 379 1226 449 Ι
1263 374 1333 450 6.
1416 373 1685 453 1057a.
2387 371 2526 451 441

335 556 486 618 tiam
520 551 821 619 vocabuli
859 552 1146 630 ἐναντία,
1189 550 1496 641 siquidem
1534 553 1662 618 boc
1696 556 1901 640 ipsum
1942 550 2024 617 ab
2056 550 2400 617 Aristotele
2439 559 2537 616 est

335 660 642 744 scriptum
686 678 892 743 neque
927 659 1314 721 inveteratae
1345 655 1751 723 librariorum
1784 659 2061 721 incuriae
2098 653 2381 733 debetur,
2428 677 2537 743 ap-

335 772 523 848 paret
567 783 642 827 ex
686 763 1001 847 oppositis
1046 758 1282 827 verbis:
1331 755 1419 826 τὰ
1464 757 1522 825 δ’
1564 757 1651 837 ὡς
1694 757 2017 844 ἐπιστήμη
2060 754 2226 846 πρὸς
2268 764 2537 838 ἐπιστη-

337 860 488 944 τόν,
529 867 623 948 τῷ
665 865 985 948 λέγεσθαί
1027 887 1091 929 τι
1134 860 1300 930 ἄλλο
1343 858 1510 950 πρὸς
1553 860 1737 941 αὑτό,
1775 866 1925 930 ῠ36.
2015 863 2116 929 Ad
2160 854 2287 928 boc
2329 884 2534 951 genus

339 968 668 1034 relationis
715 979 782 1032 et
821 968 1308 1057 significandum
1353 980 1422 1033 et
1462 967 1905 1034 illustrandum
1948 971 2131 1033 sicuti
2164 967 2536 1054 plerumque

340 1086 594 1160 praeter
638 1095 990 1138 mensuram
1040 1084 1103 1137 et
1144 1083 1569 1138 mensuratum
1615 1072 1879 1138 affertur
1911 1076 2175 1137 scientia
2206 1083 2271 1137 et
2298 1069 2536 1150 scibile,

338 1182 428 1243 ita
475 1180 661 1243 etiam
705 1178 766 1243 b.
798 1177 842 1241 l.
885 1176 1166 1253 additum
1214 1187 1280 1243 et
1314 1199 1504 1263 quum
1538 1176 1737 1264 vulgo
1776 1180 2034 1243 scientia
2065 1196 2356 1241 mensura
2396 1196 2536 1240 esse

337 1282 673 1360 iudicetur,
702 1280 926 1347 scibile
953 1292 1390 1357 mensuratum,
1422 1284 1530 1366 qui
1557 1284 1712 1349 insit
1739 1283 1888 1349 huic
1914 1284 2210 1368 opinioni
2233 1300 2412 1347 error
2432 1280 2538 1345 bic

339 1386 608 1474 perinde
632 1409 708 1451 ac
733 1388 790 1450 1.
822 1387 1031 1452 1⁰53«
1055 1387 1143 1452 32
1171 1388 1523 1472 exponitur.
1582 1386 1812 1472 Neque
1840 1389 2003 1453 enim
2030 1383 2249 1451 scibile
2276 1406 2540 1471 suspen-

340 1513 477 1555 sum
526 1503 623 1557 est
668 1512 704 1554 e
749 1493 1008 1559 scientia
1056 1511 1177 1557 nec
1216 1500 1614 1557 mensuratur
1658 1512 1774 1576 per
1817 1493 2159 1567 scientiam,
2197 1489 2313 1557 sed
2342 1492 2541 1555 scieur-

340 1597 427 1659 tia
458 1615 574 1680 per
603 1592 856 1669 scibile3
895 1616 1089 1680 quere
1119 1597 1172 1659 si
1204 1597 1669 1679 comparaveris
1699 1596 2019 1661 scientiam
2054 1605 2119 1661 et
2147 1591 2369 1659 scibile
2398 1615 2540 1661 cum

337 1718 633 1765 mensura
664 1709 729 1764 et
756 1709 1138 1777 mensurato,
1172 1697 1396 1763 scibile
1421 1716 1716 1765 mensura
1746 1696 1855 1763 vel
1882 1701 2089 1765 unitas
2116 1709 2229 1775 est,
2272 1700 2540 1777 scientia

340 1813 766 1869 mensuratum
810 1803 914 1869 vel
955 1824 1290 1879 numer-11⁸3
1345 1825 1421 1867 ac
1471 1805 1657 1871 sicuti
1700 1820 1995 1871 numerus
2041 1800 2308 1888 quilibet
2346 1822 2539 1869 unum

341 1905 814 1993 quodammodo
863 1920 960 1973 est
1004 1929 1214 1994 neque
1258 1927 1414 1973 vero
1459 1928 1651 1973 unum
1698 1905 2032 1992 quodlibet
2073 1927 2397 1984 numerus,
2451 1909 2540 1975 ita

343 2013 606 2077 scientia
638 2014 847 2097 ipsum
885 2022 981 2077 est
1014 2010 1237 2077 scibile
1272 2015 1411 2090 (est
1441 2014 1610 2079 enim
1638 2013 1902 2077 scientia
1932 2014 2181 2096 species
2208 2014 2299 2075 rei
2331 2012 2540 2079 animo

343 2125 655 2202 concepta
687 2119 830 2183 sine
869 2118 1145 2194 materia,
1190 2114 1270 2179 ci.
1310 2113 1391 2180 de
1425 2135 1527 2179 an.
1564 2115 1624 2179 Π
1659 2117 1717 2193 7,
1752 2117 1855 2193 8),
1898 2136 2033 2183 nou
2076 2113 2301 2181 scibile
2343 2113 2543 2201 quod-

341 2222 441 2285 vis
486 2224 747 2287 sm‘entia
791 2233 905 2301 est,
945 2221 1255 2287 a7—12.
1296 2256 1383 2271 --
1428 2218 1531 2284 Ad
1573 2243 1632 2283 v.
1678 2216 2081 2287 ἀποδίδωσιν
2119 2220 2215 2285 «⁸8
2258 2219 2337 2284 cl.
2380 2219 2445 2287 Θ
2477 2223 2540 2287 6.

345 2325 549 2391 10481»
590 2327 693 2391 16.

477 2426 826 2497 Multitudo
872 2427 1188 2517 generalis
1233 2436 1332 2494 est
1373 2431 1559 2495 notio
1605 2421 2021 2512 (olovykvoc
2054 2428 2205 2508 ⁶3),
2248 2430 2351 2495 cui
2394 2427 2546 2493 sub-

341 2534 550 2598 iicitur
593 2536 775 2600 notio
821 2535 1064 2600 numeri
1110 2543 1421 2619 tamquam
1469 2532 1805 2600 distinctae
1860 2553 1939 2597 ac
1991 2529 2292 2599 definitae
2336 2531 2544 2602 multi-

339 2636 602 2704 tudinis.
692 2636 1042 2704 Multitudo
1086 2659 1220 2704 non
1263 2659 1381 2724 per
1422 2659 1525 2716 se,
1573 2645 1644 2703 ut
1687 2658 1809 2704 vex
1856 2635 2181 2725 ambigua,
2223 2640 2544 2706 contraria

344 2751 444 2806 est
486 2745 817 2828 paucitati,
860 2740 975 2808 sed
1021 2741 1359 2808 multitudo
1407 2741 1720 2810 excedens
1766 2749 1833 2804 et
1876 2762 2181 2827 superans
2227 2744 2544 2807 contraria

343 2849 648 2933 paucitati
706 2856 802 2912 est
859 2844 1158 2920 dicenda;
1216 2866 1425 2931 neque
1483 2847 1708 2912 unitati
1765 2848 2026 2910 omnino
2082 2849 2403 2914 contraria
2446 2856 2545 2914 est

343 2949 716 3028 multitudo,
767 2948 880 3016 sed
929 2948 1398 3035 quodammodo
1445 2970 1601 3016 sane
1646 2951 1963 3016 contraria
2008 2960 2105 3014 est
2149 2960 2218 3016 ut
2262 2948 2545 3015 divisibi-

345 3053 426 3120 lis
471 3065 694 3120 natura
735 3053 1117 3132 individuae,
1162 3052 1634 3141 quodammodo
1664 3074 1820 3118 vero
1851 3074 1968 3139 per
1995 3052 2365 3122 relationem
2397 3075 2545 3120 ean-

347 3158 490 3224 dem
536 3161 759 3224 unitati
805 3161 1174 3244 opponitur,
1223 3179 1388 3244 quae
1436 3169 1534 3224 est
1577 3161 1743 3224 inter
1784 3169 2210 3226 mensuratum
2257 3181 2333 3223 ac
2372 3181 2545 3225 men-

345 3284 572 3330 suram.
620 3299 699 3314 -
761 3264 1054 3330 Extrema
1108 3261 1335 3340 verba,
1373 3263 1745 3340 alca-17,
1796 3284 2007 3348 neque
2065 3262 2145 3331 ab
2196 3263 2544 3330 Aristotele

345 3370 499 3436 satis
558 3365 751 3453 plane
807 3377 956 3432 sunt
999 3369 1232 3452 scripta
1279 3378 1345 3431 et
1385 3369 1454 3430 in
1500 3365 1889 3432 editionibus
1930 3366 2089 3432 falsa
2136 3365 2545 3434 distinctione

347 3471 699 3540 obscurata.
777 3471 1026 3535 Etenim
1074 3469 1155 3536 ad
1198 3468 1275 3535 τὸ
1318 3473 1439 3552 μέν
1482 3467 1842 3536 addendum
1890 3480 1989 3535 est
2030 3491 2067 3535 e
2112 3471 2544 3557 superioribus

345 3579 648 3642 ἐναντίον
691 3576 886 3651 ἐστίν,
936 3573 1017 3639 ad
1061 3569 1142 3640 τὸ
1183 3572 1243 3639 δ’
1282 3584 1490 3640 autem
1537 3573 1798 3640 verbum
1843 3571 2034 3640 latius
2079 3585 2303 3660 patens
2356 3570 2543 3640 ἀντί-

343 3699 570 3748 κειται.
660 3680 746 3745 Et
787 3677 1005 3744 ultima
1050 3677 1264 3756 verba,
1307 3677 1526 3744 deleto
1572 3688 1721 3763 post
1762 3673 2058 3762 ἀριθμός
2102 3677 2270 3757 colo,
2318 3681 2412 3743 sic
2455 3679 2546 3744 vi-

269 3843 274 3846 .
347 3782 577 3850 dentur
635 3782 1088 3870 distinguenda
1148 3804 1290 3848 esse
1346 3793 1412 3848 et
1463 3781 1825 3847 scribenda:
1883 3775 1961 3846 τὸ
2018 3779 2079 3847 δ’
2117 3779 2204 3858 ὡς
2256 3777 2424 3867 πρός
2465 3805 2547 3861 τι,

345 3884 560 3974 ὥσπερ
605 3883 926 3971 ἐπιστήμη
971 3889 1310 3971 ἐπιστητῷ,
1351 3881 1470 3954 ἐὰν
1504 3876 1545 3977 ᾖ
1585 3891 1715 3966 (sc.
1748 3884 1791 3966 ἡ
1830 3883 2193 3969 ἐπιστήμη)
2232 3880 2547 3973 ἀριθμός,

342 3984 422 4058 τὸ
469 3988 530 4056 δ’
567 3997 692 4071 (sc.
738 3985 1126 4070 ἐπιστητόν)
1183 3992 1253 4056 ἓν
1308 3991 1444 4058 καὶ
1492 3993 1751 4074 μέτρον.
1842 3987 2266 4076 comparatur
2309 3995 2548 4076 pariter

344 4107 535 4181 atque
579 4098 648 4162 in
691 4097 1024 4181 superiore
1066 4095 1498 4182 disputatione
1541 4097 1801 4160 scientia
1849 4096 1943 4160 rei
1976 4105 2386 4174 mensuratae,
2430 4098 2548 4160 sci-

344 4197 477 4265 bile
521 4203 746 4268 unitati
792 4210 858 4264 et
900 4221 1252 4268 mensurae.
1341 4198 1721 4266 particulam
1774 4210 1985 4266 autem
2039 4202 2207 4277 καί,
2260 4220 2549 4266 necessa-

343 4306 501 4372 riam
546 4315 620 4372 ut
661 4315 806 4391 apta
853 4307 1111 4372 exsistat
1155 4308 1469 4374 enunciati
1516 4304 1958 4383 conformatio,
2004 4325 2137 4370 non
2176 4324 2250 4369 ex
2279 4303 2573 4391 ingenio·

346 4407 583 4488 addidi,
623 4408 740 4474 sed
783 4431 860 4475 ex
903 4412 1284 4476 auctoritate
1329 4408 1506 4478 Alex.
1553 4433 1615 4496 p.
1647 4411 1796 4488 605,
1844 4410 1948 4476 14.
