3109 5175
559 335 704 411 164
1386 335 1462 409 B
1508 332 1581 408 4.
1661 331 1929 411 100Ιὸ.

556 515 826 603 cognitu
867 510 1218 579 faciliorem
1261 506 1392 591 (ὡς
1433 515 1525 589 sic
1565 507 2059 598 γνωριμώτερον
2102 505 2389 595 ἀνάγων,
2433 510 2512 577 cf.
2556 512 2624 577 Z
2659 515 2761 579 16.

557 621 765 685 10401»
787 619 936 697 20),
979 637 1114 682 non
1159 614 1335 703 quod
1377 619 1587 702 ipsum
1629 637 1823 682 unum
1870 615 2099 683 dixerit
2136 636 2282 681 esse
2326 637 2440 681 ens
2484 615 2591 683 vel
2618 616 2768 681 sub-

554 725 868 799 stantiam,
910 744 1071 808 quae
1115 733 1213 787 est
1245 720 1535 788 Platonis
1579 731 1646 787 et
1671 720 2226 808 Pythagoreorum
2273 723 2605 799 sententia,
2646 720 2765 787 sed

555 826 731 915 quod
776 825 1161 915 significavit
1203 824 1352 912 quid
1392 828 1476 892 sit
1508 825 1670 891 illud
1705 824 2106 902 substratum,
2150 822 2233 889 de
2276 844 2404 911 quo
2441 824 2768 912 praedice-

554 943 660 999 tur
705 952 848 1008 ens,
890 927 1236 1008 ὑποτιθεὶς
1275 924 1398 1009 τὴν
1443 932 1693 1020 φιλίαν,
1737 940 1807 995 ιιι
1849 933 1938 995 ait
1971 928 2329 994 Alexander
2371 953 2433 1015 p.
2469 932 2614 1009 179,
2656 932 2765 996 22.

559 1075 640 1091 --
687 1036 1024 1100 Praeterea
1069 1056 1461 1122 magnopere
1507 1033 1754 1111 dubito,
1802 1056 1883 1100 an
1928 1032 2349 1101 omittendum
2390 1037 2476 1099 sit
2513 1037 2768 1120 partici-

554 1142 728 1226 pium
774 1131 882 1216 ὅν,
941 1137 1116 1225 quod
1161 1143 1216 1202 si
1259 1141 1609 1228 genuinum
1652 1141 1765 1216 sit,
1811 1141 1901 1203 ita
1944 1137 2197 1207 videtur
2238 1138 2760 1207 construendum:

418 1309 444 1335 ο
555 1239 595 1309 ὅ
641 1267 707 1308 τι
749 1234 830 1307 ὃν
872 1235 949 1306 τὸ
994 1242 1066 1307 ἓν
1109 1243 1300 1321 ἔστιν,
1346 1262 1529 1328 quam
1569 1245 2109 1309 constructionem
2144 1252 2210 1307 et
2239 1253 2593 1309 contortam
2624 1265 2766 1309 esse

557 1355 825 1432 apparet
881 1356 948 1410 et
1004 1367 1257 1411 sensum
1317 1346 1576 1412 efficere
1633 1364 1852 1432 parum
1910 1356 2155 1433 aptum3
2212 1366 2421 1433 neque
2479 1351 2646 1415 enim
2699 1347 2765 1412 id

556 1453 894 1537 quaeritur,
938 1469 1088 1515 num
1132 1452 1241 1515 sit
1287 1472 1416 1527 ens,
1462 1448 1579 1515 sed
1625 1450 1811 1536 quid
1857 1453 1958 1515 sit.

692 1556 900 1619 1001oe
923 1555 1008 1619 21
1055 1557 1316 1619 ταῦτα
1357 1549 1511 1639 γάρ
1555 1587 1647 1604 —-
1690 1555 1778 1619 22
1822 1549 2168 1632 πάντων.
2238 1553 2318 1619 ci'.
2356 1555 2419 1621 3.
2465 1554 2628 1619 998⁶
2658 1555 2765 1623 21.

558 1694 639 1713 --
689 1659 822 1723 ⁶226
868 1652 1097 1741 ὅπερ,
1140 1657 1222 1722 cf.
1269 1657 1350 1722 ad
1396 1658 1464 1723 Γ
1497 1660 1561 1722 2.
1611 1657 1813 1723 moab
1853 1659 1959 1723 33.

692 1763 902 1829 10014
924 1762 1013 1827 28
1049 1758 1142 1826 οὐ
1177 1759 1330 1847 γὰρ
1370 1756 1649 1845 ἕτερόν
1686 1785 1766 1826 τι
1800 1759 1987 1826 καθ’
2018 1751 2113 1827 οὗ
2146 1770 2766 1849 κατηγορεῖται.

557 1866 804 1934 Contra
850 1864 1140 1931 codicum
1189 1869 1464 1933 omnium
1507 1865 1733 1945 fidem,
1777 1876 1992 1953 spreta
2038 1869 2220 1931 etiam
2269 1865 2615 1933 Alexandri
2660 1889 2768 1931 au-

558 1975 872 2049 ctoritate,
914 1966 1079 2035 ’east'
1119 1960 1199 2036 οὗ
1239 1973 1466 2056 scripsi
1509 1991 1630 2055 pro
1675 1965 2004 2036 καθόλου.
2069 1970 2148 2036 cf.
2194 1971 2358 2037 obs.
2404 1995 2467 2057 p.
2502 1973 2630 2037 114
2672 1992 2765 2057 sq.

558 2074 918 2141 Alexander
962 2085 1261 2161 quantum
1309 2073 1578 2154 laboret,
1630 2085 1703 2140 ut
1745 2073 2068 2163 vulgatam
2112 2074 2453 2141 lectionem
2500 2074 2580 2143 ad
2625 2096 2767 2140 sen·
2834 2130 2840 2135 .

558 2182 817 2245 tentiam
874 2178 1350 2266 quodammodo
1408 2190 1621 2265 aptam
1666 2178 1773 2245 vel
1817 2180 2176 2245 conformet
2220 2179 2324 2245 vel
2370 2179 2765 2265 detorqueat,

560 2304 636 2348 ex
682 2286 817 2347 eius
863 2286 1313 2349 commentario
1361 2283 1442 2363 ad
1487 2284 1548 2348 h.
1594 2283 1638 2348 1.
1693 2287 2130 2372 cognoscitur3
2194 2284 2423 2351 frustra
2480 2306 2621 2351 eum
2674 2282 2766 2351 la-

555 2387 790 2453 borare
834 2408 908 2450 ex
952 2389 1088 2473 ipsa
1133 2391 1486 2453 sententiae
1530 2390 1783 2452 ratione
1827 2387 2015 2452 facile
2057 2398 2155 2453 est
2189 2390 2569 2475 perspicere.
2635 2388 2767 2452 Ne-

561 2514 686 2579 que
733 2494 898 2555 enim
943 2500 1287 2577 propterea
1335 2494 1535 2577 ipsum
1583 2513 1777 2557 unum
1825 2504 1890 2556 et
1932 2494 2136 2577 ipsum
2179 2512 2293 2557 ens
2332 2492 2456 2557 dici
2494 2501 2767 2578 possunt

557 2597 952 2663 substantiae
997 2615 1165 2674 esse,
1222 2599 1366 2683 quia
1424 2596 1583 2661 nihil
1634 2596 1808 2662 aliud
1852 2595 1935 2662 de
1977 2598 2054 2660 iis
2100 2601 2398 2664 universe
2442 2596 2766 2683 praedice-

558 2712 690 2776 tur3
743 2703 1034 2765 nimirum
1081 2699 1163 2765 de
1205 2700 1569 2766 substantiis
1614 2701 1772 2765 nihil
1815 2699 2078 2787 impedit
2124 2705 2459 2788 quominus
2505 2700 2629 2766 alia
2675 2699 2767 2765 di-

556 2826 740 2869 versa
798 2803 879 2869 ab
937 2807 1212 2891 ipsarum
1272 2807 1537 2870 notione
1589 2808 1886 2870 universe
1928 2805 2405 2892 praedicentur,
2461 2830 2546 2872 τα
2589 2806 2756 2871 καθ’

559 2903 732 2973 αὐτοὶ
776 2903 1158 2993 υπαίρχοντα
1199 2912 1277 2995 τῆ
1323 2906 1536 2991 οὐσίᾳ,
1581 2910 1771 2974 immo
1817 2931 1973 2974 vero
2021 2909 2148 2975 hoc
2188 2920 2261 2974 ut
2298 2909 2411 2975 fiat
2436 2914 2763 2996 proprium

561 3024 658 3078 est
700 3035 777 3076 ac
818 3013 1138 3098 peculiare
1181 3013 1589 3091 substantiae,
1635 3010 1776 3077 Cat.
1810 3015 1872 3078 5.
1902 3015 2061 3078 2b4.
2137 3015 2225 3080 At
2267 3015 2394 3081 hoc
2436 3018 2766 3080 constituit

557 3120 686 3181 vim
731 3139 808 3180 ac
851 3127 1134 3181 nauatam
1179 3114 1597 3194 substantiae,
1655 3114 1828 3202 quod
1872 3121 2011 3206 ipsa
2056 3140 2189 3184 non
2235 3118 2638 3205 praedicatur
2681 3116 2765 3186 de

559 3219 683 3285 alia
729 3242 817 3300 re,
862 3220 940 3286 cf.
987 3220 1041 3285 A
1081 3221 1144 3285 8.
1189 3222 1392 3286 1017*
1431 3222 1542 3286 13:
1588 3222 1841 3304 λέγεται
1884 3220 2079 3289 οὐσία
2125 3218 2229 3289 ὅτι
2270 3221 2352 3289 οὐ
2393 3220 2561 3288 καθ’
2599 3220 2764 3290 ὑπο·

560 3327 874 3408 κειμένου,
920 3317 1091 3389 ἀλλά
1134 3318 1303 3390 κατὰ
1351 3320 1598 3392 τούτων
1639 3318 1725 3390 τοὶ
1768 3321 1958 3392 ἄλλα.
2036 3328 2096 3391 Ζ
2123 3330 2184 3393 3.
2227 3329 2436 3394 10290
2460 3329 2529 3393 8:
2572 3324 2616 3408 ἡ
2653 3325 2763 3395 οὐ·

562 3430 678 3495 σία
705 3465 787 3480 -
818 3424 901 3494 τὸ
932 3421 1026 3513 μὴ
1059 3425 1225 3493 καθ’
1253 3426 1684 3514 ὑποκειμένου
1719 3427 1893 3495 ἀλλὰ
1922 3428 2089 3495 καθ’
2123 3421 2203 3496 οὗ
2235 3426 2323 3495 τὰ
2356 3426 2550 3497 ἄλλα.
2607 3432 2674 3498 Β
2702 3435 2763 3497 5.

565 3536 768 3600 lomb
801 3535 911 3601 30.
998 3533 1156 3599 Inde
1199 3538 1550 3600 mutatione
1597 3537 1748 3600 satis
1792 3532 1923 3600 leni
1967 3536 2192 3620 scripsi
2233 3534 2399 3599 καθ’
2438 3527 2535 3616 οὗ,
2579 3559 2764 3624 quam

561 3641 617 3703 si
660 3638 1032 3725 probaveris
1078 3637 1599 3716 emendationem,
1658 3641 1977 3724 aptissime
2024 3642 2269 3725 opponi
2315 3640 2558 3706 videbis
2604 3642 2766 3728 phy-

561 3743 731 3807 sicos
764 3742 1108 3808 Platonicis
1139 3753 1204 3806 et
1232 3743 1682 3830 Pythagoreis:
1729 3740 1824 3807 illi
1865 3754 2120 3829 ponunt
2154 3741 2579 3828 ὑποκειμένην
2612 3740 2762 3812 τινὰ

561 3840 767 3934 φύσιν
799 3848 908 3924 «8,
955 3845 1036 3911 de
1081 3867 1203 3933 qua
1247 3845 1648 3932 praedicetur
1688 3868 1880 3911 unum
1924 3859 1989 3912 et
2023 3870 2169 3925 ens;
2214 3850 2279 3913 bi
2323 3870 2479 3914 vero
2526 3853 2608 3915 ita
2647 3870 2767 3935 po-

563 3959 726 4013 nunt
767 3970 961 4014 unum
1006 3960 1072 4015 et
1116 3970 1257 4028 ens,
1313 3959 1385 4013 ut
1438 3948 1598 4016 nibil
1653 3952 1735 4014 sit
1776 3950 1950 4017 aliud
1995 3953 2078 4019 de
2125 3975 2253 4041 quo
2299 3953 2762 4042 praedicentur,

565 4050 681 4117 sed
726 4055 864 4136 ipsa
908 4053 1035 4115 siut
1079 4050 1159 4115 de
1205 4051 1432 4138 quibus
1475 4053 1927 4140 praedicentur
1968 4056 2228 4143 reliqua.

702 4155 1021 4220 1001029
1065 4151 1271 4220 ἀλλὰ
1313 4152 1472 4240 μὴν
1505 4192 1588 4208 —-
1626 4160 1667 4222 6
1708 4163 2072 4227 ἕκαστον.
2137 4163 2203 4228 Si
2240 4166 2442 4249 ipsum
2474 4182 2589 4228 ens
2618 4162 2763 4227 sub-

561 4261 856 4324 stantiam
901 4278 1041 4322 esse
1082 4263 1509 4345 posuerimus,
1568 4267 1925 4328 necessario
1978 4264 2329 4333 delabimur
2371 4271 2437 4332 in
2481 4271 2763 4336 rationes

565 4363 974 4441 Parmenidis,
1016 4372 1090 4427 ut
1132 4362 1217 4444 id,
1261 4365 1437 4451 quod
1479 4379 1735 4452 praeter
1774 4368 1934 4435 illud
1978 4374 2356 4457 principium
2391 4374 2489 4450 sit,
2534 4381 2764 4457 utpote

567 4466 881 4536 diversum
913 4468 995 4535 ab
1029 4478 1191 4550 ente,
1231 4490 1364 4536 non
1409 4492 1549 4537 esse
1580 4473 1978 4540 statuendum
2010 4479 2111 4540 sit.
2166 4476 2248 4542 cf.
2277 4477 2351 4541 A
2379 4480 2440 4546 5.
2470 4478 2632 4542 986⁶
2655 4477 2761 4542 27.
