3109 5175
1156 346 1230 417 B
1277 342 1347 416 2.
1424 343 1654 419 9970.
2370 347 2505 421 145

429 521 604 585 997⁶
646 522 725 584 ll
773 514 986 585 ἀλλὰ
1028 514 1187 603 μὴν
1235 554 1316 571 -—
1366 522 1451 586 15
1496 522 1635 586 καὶ
1678 515 1767 585 τὸ
1811 521 2128 607 ψεῦδος.
2222 523 2508 588 Antithe-

296 625 386 688 sis
431 622 901 709 disputationis.
977 624 1092 689 Sin
1140 622 1452 688 diversam
1497 626 1793 689 statueris
1834 629 2292 711 principiorum
2337 626 2510 692 idea-

293 725 449 792 lium
495 730 930 815 cognitionem
975 750 1013 791 a
1058 730 1436 815 cognitione
1487 727 1778 805 realium,
1837 740 1976 793 utra
2032 732 2117 793 sit
2171 733 2387 816 potior
2446 744 2511 797 et

290 852 407 895 sua
443 843 668 895 natura
702 834 884 917 prior
919 834 1258 916 quaeritur.
1319 831 1518 896 Sicuti
1555 834 1721 897 enim
1755 854 1994 896 summa
2029 836 2337 920 principia
2373 856 2510 899 rea-

293 934 379 998 lia
419 932 498 997 ad
543 937 715 999 entia
756 937 968 998 omnia
1002 945 1294 1020 spectant
1340 956 1685 1020 eorumque
1732 958 1960 1001 causae
2004 947 2167 1016 sunt,
2210 940 2299 1002 ita
2336 937 2510 1003 idea-

290 1037 377 1103 lia
415 1040 729 1124 principia
767 1041 1123 1104 eommunia
1158 1048 1308 1102 sunt
1342 1042 1517 1103 omni
1551 1042 1907 1126 cognitioni
1944 1043 2275 1126 omnisque
2303 1045 2509 1107 scien-

289 1145 421 1206 tiae
455 1163 705 1207 causam
738 1146 1089 1207 continent.
1163 1142 1322 1207 lude
1369 1152 1436 1207 et
1479 1152 1618 1206 utra
1665 1145 1748 1208 sit
1790 1146 2009 1228 potior
2048 1153 2112 1208 et
2147 1147 2250 1208 cui
2292 1147 2507 1230 potius

288 1266 480 1331 quam
515 1248 722 1332 primo
762 1246 1150 1334 philosopho
1191 1246 1357 1311 hanc
1392 1247 1718 1310 scientiam
1758 1247 2015 1326 tribuas,
2054 1246 2313 1313 dubium
2356 1259 2469 1314 est.

813 1437 1131 1516 Quaestio
1175 1441 1392 1505 tertia.
1481 1439 1651 1505 9970
1693 1440 1995 1505 15-25,

424 1558 634 1621 Prima
674 1561 1049 1643 quaestione
1087 1557 1437 1645 disputavit
1472 1578 1623 1623 num
1657 1562 1867 1622 omnia
1905 1578 2231 1623 cansarum
2268 1579 2505 1645 genera

290 1660 517 1726 eadem
553 1664 818 1725 scientia
856 1672 1429 1749 cognoscerenttm
1467 1666 1589 1729 iam
1628 1667 1874 1748 quaerit
1907 1672 2113 1733 utrum
2152 1666 2362 1725 omnia
2397 1684 2507 1750 ge-

287 1787 449 1831 nera
509 1768 672 1829 entis
730 1786 805 1829 ex
864 1765 1083 1830 eadem
1143 1769 1406 1831 scientia
1452 1787 1762 1852 suspensa
1808 1769 1937 1830 sint
1980 1787 2203 1830 necne.
2294 1766 2505 1851 Atque

290 1869 578 1935 eiusdem
636 1868 843 1933 videri
899 1872 1206 1934 scientiae
1260 1892 1400 1934 esse
1447 1871 1658 1934 omnia
1705 1890 2101 1957 cognoscere
2143 1891 2350 1934 rerum
2396 1891 2505 1956 ge-

289 1995 452 2038 nera
496 1973 874 2059 comprobat
921 1973 1149 2038 eodem
1195 1993 1346 2038 usus
1390 1983 1796 2059 argumento,
1853 1992 1979 2058 quo
2038 1976 2104 2036 in
2161 1975 2506 2058 superiori-

287 2078 445 2155 bus,
504 2080 802 2162 quoniam
854 2081 906 2141 si
955 2087 1235 2163 ponatur
1278 2096 1410 2139 non
1458 2097 1598 2139 esse
1644 2075 1955 2153 eiusdem,
2012 2074 2330 2140 dubitatio
2379 2079 2505 2140 ori-

291 2193 441 2248 tura
487 2185 586 2259 sit,
630 2184 694 2245 in
742 2201 869 2265 quo
907 2184 1303 2267 potissimum
1339 2202 1580 2269 genere
1616 2183 1778 2245 entis
1811 2190 2103 2245 versetur
2134 2184 2334 2265 prima
2370 2181 2505 2265 phi-

291 2285 611 2371 losophia,
650 2285 805 2363 ⁶16,
848 2286 950 2350 17.
1018 2287 1103 2350 At
1144 2288 1418 2350 vicissim
1461 2306 1597 2350 non
1640 2283 1846 2350 videri
1893 2304 2079 2347 unam
2127 2305 2267 2348 esse
2308 2306 2503 2370 posse

292 2391 579 2454 omnium
626 2390 790 2453 entis
835 2410 1144 2476 generum
1191 2391 1515 2454 scientiam
1563 2410 1639 2454 ea
1685 2386 1947 2453 conficit
1988 2390 2265 2464 ratione,
2312 2387 2503 2472 quod,

289 2494 346 2556 si
397 2491 523 2555 hoc
567 2502 873 2577 ponatur,
918 2492 1074 2557 inde
1119 2513 1517 2578 consequens
1563 2496 1672 2572 sit,
1732 2503 1803 2556 ut
1847 2494 2034 2555 etiam
2081 2493 2358 2555 omnium
2404 2512 2503 2555 ac-

290 2596 672 2675 cidentium,
729 2618 892 2682 quae
945 2598 1289 2685 generibus
1348 2600 1512 2663 entis
1568 2619 1686 2683 per
1741 2617 1812 2661 se
1874 2594 2190 2674 accidant,
2247 2617 2370 2661 una
2424 2599 2505 2659 sit

290 2703 588 2777 scientia;
645 2699 822 2786 quod
877 2723 1067 2785 quum
1124 2700 1266 2766 fieri
1324 2723 1456 2767 non
1515 2721 1709 2786 posse
1764 2720 1883 2785 pro
1930 2719 2239 2764 concesso
2283 2710 2504 2777 sumat,
2576 2753 2583 2758 .

292 2803 453 2869 inde
495 2826 580 2869 ne
625 2803 785 2869 illud
831 2803 1086 2890 quidem
1129 2827 1349 2871 verum
1398 2827 1556 2883 esse,
1602 2801 1773 2869 unde
1818 2804 2145 2888 profectus
2189 2802 2317 2866 hoc
2353 2823 2505 2866 con-

293 2906 499 2987 clusit,
546 2907 937 2995 comprobat.
1012 2908 1086 2973 Id
1130 2931 1287 2975 vero
1334 2910 1573 2976 diserte
1619 2906 1905 2994 explicat,
1956 2927 2087 2983 cur,
2129 2909 2180 2970 si
2228 2916 2506 2990 ponatur

291 3033 422 3077 una
466 3014 749 3098 ipsorum
791 3033 1098 3099 generum
1143 3017 1306 3079 entis
1351 3018 1635 3093 scientia,
1679 3032 1806 3077 una
1849 3013 1996 3075 item
2037 3013 2121 3074 sit
2155 3009 2365 3073 futura
2406 3030 2505 3072 ac-

292 3113 639 3180 cidentium
675 3136 796 3202 per
827 3137 897 3181 se
931 3118 1217 3181 scientia.
1287 3118 1635 3204 Quaelibet
1663 3118 1941 3193 scientia,
1976 3113 2044 3179 id
2076 3112 2251 3199 quod
2282 3111 2501 3198 paullo

286 3240 486 3305 supra
532 3219 769 3285 dictum
816 3230 914 3285 est
952 3221 1073 3298 ⁶8,
1129 3224 1196 3285 in
1253 3243 1492 3309 genere
1538 3219 1815 3307 quodam
1861 3215 2320 3305 cognoscendo
2366 3238 2505 3279 ver-

292 3335 499 3400 satur,
557 3326 662 3388 cui
717 3345 878 3409 quae
937 3323 1226 3389 accidant
1268 3328 1612 3411 investigat
1667 3323 1955 3409 proiecta
2014 3319 2092 3384 ab
2153 3322 2502 3383 axiomatis.

293 3429 498 3515 Igitur
553 3425 638 3491 de
693 3448 825 3492 uno
884 3438 1074 3513 atque
1119 3428 1355 3494 'eodem
1407 3449 1647 3514 genere
1692 3425 2042 3491 accidentia
2091 3423 2503 3507 contemplari

295 3536 487 3597 unius
517 3523 643 3596 'erit
675 3534 994 3611 scientiae,
1031 3554 1193 3618 quae
1228 3532 1671 3618 proficiscatur
1702 3530 1781 3594 ab
1812 3527 2036 3594 iisdem
2068 3525 2504 3613 cognoscendi

295 3637 656 3721 principiis,
712 3639 783 3700 ἐκ
840 3636 970 3700 τῶν
1018 3638 1254 3703 κοινῶν
1297 3635 1563 3720 δοξῶνχ
1596 3634 1675 3698 cf.
1720 3632 1800 3697 ad
1845 3633 2008 3696 996⁶
2044 3631 2152 3695 28.
2238 3630 2405 3695 Nam
2448 3630 2502 3692 si

299 3741 487 3803 unius
528 3749 624 3803 est
657 3741 958 3804 scientiae
996 3740 1148 3825 quid
1188 3743 1276 3805 sit
1311 3760 1413 3805 res
1461 3755 1874 3826 cog-noscere,
1920 3736 2105 3798 innius
2151 3736 2336 3796 etiam
2385 3735 2506 3796 erit

300 3845 612 3907 axiomata
643 3863 1042 3930 cognoscere
1072 3865 1146 3909 ex
1173 3845 1407 3930 quibus
1435 3842 1546 3907 iun
1580 3863 1681 3906 res
1709 3839 2005 3927 pendeat,
2046 3840 2181 3902 sive
2216 3837 2373 3900 haec
2404 3857 2505 3899 ea-

302 3944 445 4010 dem
494 3957 590 4011 est
629 3950 894 4012 scientia
939 3950 1075 4012 sive
1116 3948 1396 4020 diversa3
1444 3944 1615 4011 unde
1652 3951 1917 4031 apparet
1954 3944 2141 4007 unius
2176 3944 2329 4004 item
2366 3939 2504 4003 fore

301 4052 605 4115 scientiae
650 4072 726 4115 ea
772 4071 1167 4138 cognoscere
1211 4051 1593 4127 accidentia,
1651 4069 1813 4133 quae
1858 4050 1951 4111 rei
1996 4044 2087 4109 illi
2131 4046 2506 4131 propositae

301 4176 421 4240 per
464 4177 534 4219 se
576 4155 950 4219 inhaereant
991 4149 1196 4232 (ὥστε
1240 4155 1351 4220 καὶ
1387 4146 1471 4218 τὰ
1512 4146 1975 4234 συμβεβηκότα
2008 4153 2122 4214 int.
2158 4148 2506 4230 θεωρῆσαι

301 4261 458 4342 μιᾶς
501 4262 755 4338 ἔσται),
812 4262 949 4323 sive
994 4261 1172 4344 ipsae
1215 4257 1364 4323 iliae
1410 4256 1769 4334 doctrinae,
1826 4273 1991 4340 quae
2045 4257 2112 4320 iu
2155 4250 2505 4316 substantia

301 4364 395 4425 rei
442 4366 702 4448 eiusque
746 4363 1074 4448 principiis
1119 4361 1433 4427 idealibus
1479 4369 1840 4435 versantur,
1896 4358 2023 4423 huc
2079 4358 2264 4421 etiam
2316 4355 2508 4440 perti-

301 4475 486 4544 nent,
544 4461 654 4531 dr’
695 4463 892 4532 αὐταὶ
937 4467 1337 4553 θεωροῦσιν,
1387 4466 1523 4530 sive
1568 4464 1727 4529 haec
1766 4463 2031 4528 scientia
2075 4478 2380 4545 suspensa
2424 4453 2505 4518 ab

391 4571 595 4625 Aristot.
621 4572 841 4642 metaph.
867 4573 948 4625 ed.
972 4572 1154 4624 Bonita
1177 4571 1292 4624 Vol.
1316 4571 1378 4622 Π.
2041 4566 2110 4618 10
