3109 5175
1022 374 1030 389 ·
1121 371 1203 441 K
1250 368 1314 442 1.
1366 367 1435 443 2.
1519 320 1789 445 fossa.
2412 373 2556 453 45³

347 566 488 611 cum
534 547 869 631 superiore
913 546 1321 630 quaestione,
1379 568 1544 632 quae
1601 558 1699 612 est
1757 546 1840 613 de
1892 547 2247 615 substantia
2293 560 2357 615 et
2399 554 2559 619 aeci-

344 647 675 726 dentibus„
729 647 860 712 ulla
916 658 1136 734 potest
1178 652 1430 715 ratione
1476 654 1799 740 coniungi.
1892 651 2177 718 Eandem
2224 672 2556 740 argumen-

341 755 648 819 tationem
692 750 994 817 habemus
1038 751 1107 816 B
1149 756 1318 835 996⁰
1356 756 1673 832 21-01,
1729 754 1845 820 sed
1901 754 2038 819 illic
2092 756 2346 842 quidem
2405 768 2555 844 apte

342 859 741 921 coniunctam
776 878 916 922 cum
945 858 1146 942 prima
1179 862 1574 944 quaestione.
1634 857 1741 922 Ad
1774 859 2039 924 eandem
2071 863 2334 946 primam
2365 882 2555 946 quae-

340 963 613 1026 stionem
672 970 877 1024 utrum
936 963 1122 1024 etiam
1168 961 1228 1026 h.
1275 980 1318 1026 ι.
1363 961 1445 1026 ab
1494 964 1600 1027 Ar.
1644 962 1805 1027 haec
1844 962 2040 1027 verba
2087 966 2321 1050 scripta
2368 975 2434 1029 et
2476 964 2551 1029 li-

339 1061 695 1128 brariorum
743 1085 964 1128 errore
1008 1068 1413 1153 transposita,
1458 1086 1542 1129 an
1581 1063 1659 1129 ab
1697 1069 1837 1151 ipso
1878 1068 2000 1143 Ar..
2045 1089 2235 1153 quum
2280 1071 2548 1153 primum

336 1167 449 1231 has
495 1170 906 1252 quaestiones
951 1167 1290 1256 colligeret
1322 1178 1389 1233 et
1421 1166 1842 1247 adumbraret,
1889 1191 2021 1235 non
2068 1192 2187 1236 suo
2234 1171 2384 1237 loco
2430 1192 2549 1258 po-

337 1273 457 1335 sita
502 1290 644 1335 esse
686 1270 1064 1349 iudicemus,
1123 1270 1382 1337 dubium
1427 1280 1554 1347 est;
1614 1272 1907 1361 equidem
1966 1276 2163 1359 ipsius
2217 1278 2548 1362 scriptoris

336 1373 728 1462 negligentia
775 1374 1092 1441 turbatum
1132 1396 1272 1440 esse
1307 1379 1760 1443 sententiarum
1797 1376 2085 1443 ordinem
2115 1381 2427 1463 suspicor.
2462 1412 2543 1431 --

335 1481 474 1544 ⁶35
518 1498 638 1564 pro
686 1492 848 1565 part.
895 1473 1044 1546 οὔτε
1087 1478 1490 1545 scribendum
1535 1480 1792 1547 videtur
1837 1476 2050 1558 οὐδὲ,
2107 1483 2404 1628 quoniam
2448 1484 2547 1547 ni-

335 1582 427 1647 hil
471 1586 770 1669 sequitur,
818 1583 992 1670 quod
1038 1581 1124 1647 ad
1168 1578 1313 1648 οὔτε
1358 1583 1686 1651 reseratur.

468 1689 552 1769 5)
592 1688 1086 1752 aas—⁶21...-
1115 1685 1185 1750 Β
1214 1687 1296 1749 V.
1330 1689 1499 1752 997«
1523 1687 1895 1753 34-99802
1930 1689 2031 1752 19.
2067 1724 2147 1739 —-
2193 1687 2545 1753 Mathema

335 1792 492 1856 ticas
535 1813 638 1855 res
688 1812 819 1856 non
865 1811 1090 1876 posse,
1146 1811 1309 1875 quae
1353 1789 1829 1857 Platonicorum
1874 1800 1973 1856 est
2014 1795 2359 1870 sententia,
2414 1815 2544 1858 me·-

335 1893 444 1958 dio
500 1897 670 1959 inter
725 1894 903 1959 ideas
963 1904 1029 1958 et
1082 1915 1186 1959 res
1245 1892 1581 1959 sensibiles
1640 1894 1787 1959 loco
1844 1897 2031 1980 poni,
2089 1893 2345 1962 brevius
2389 1896 2451 1961 h.
2495 1895 2538 1961 l.

333 2001 590 2076 ⁶3-9,
632 1998 746 2062 sed
792 1998 959 2064 haud
1005 2001 1210 2063 minus
1255 2002 1593 2084 perspicue
1636 2008 1703 2063 et
1736 1997 2031 2063 distincte
2060 2019 2245 2083 quam
2276 1996 2409 2062 illic
2436 2019 2543 2063 ex-

331 2105 536 2188 ponit.
627 2102 897 2180 Eadem‚
942 2105 1054 2179 ait,
1101 2104 1376 2167 omnium
1423 2122 1729 2189 generum
1774 2120 1983 2166 rerum
2030 2105 2227 2177 ratio;
2278 2121 2435 2190 ergo
2483 2104 2539 2166 si

331 2228 436 2270 res
482 2207 946 2272 mathematicas
989 2204 1229 2271 medias
1274 2216 1528 2291 ponunt
1570 2209 1740 2272 inter
1784 2226 2055 2292 corpora
2102 2203 2427 2270 sensibilia
2474 2215 2539 2271 et

331 2309 527 2388 ideaS,
572 2330 972 2396 consequens
1019 2320 1131 2388 est,
1176 2320 1246 2374 ut
1289 2313 1455 2374 inter
1493 2311 1813 2374 hominem
1848 2307 2209 2375 sensibilem
2244 2318 2308 2372 et
2338 2304 2535 2375 αὑτο-

331 2408 701 2499 άνθρωπον
729 2414 1002 2479 medium
1032 2435 1279 2501 ponere
1309 2417 1563 2480 tertium
1601 2414 1919 2481 hominem
1965 2414 2224 2498 (τρίτος
2259 2405 2533 2499 ἄνθρω-

330 2531 454 2595 πος
495 2520 613 2598 ὸΘ,
669 2519 801 2583 noli
863 2522 1148 2607 cogitare
1208 2519 1289 2583 de
1339 2541 1420 2584 eo
1466 2530 1841 2608 argumento
1886 2515 2258 2583 refutandae
2304 2515 2539 2580 doctri-

330 2643 454 2687 nae
500 2621 583 2688 de
629 2623 822 2702 ideis,
878 2623 1050 2710 quod
1097 2620 1135 2688 ὁ
1179 2626 1400 2710 τρίτος
1443 2619 1811 2708 ἅνθρωπος
1858 2634 2171 2709 tamquam
2226 2617 2536 2705 peculiari

331 2730 590 2792 nomine
621 2727 995 2814 appellatur,
1039 2727 1117 2792 cf.
1153 2727 1234 2793 ad
1266 2731 1338 2792 A
1366 2732 1427 2794 9.
1457 2731 1621 2794 990⁶
1648 2731 1772 2808 17)
1819 2726 2097 2793 debeant
2140 2733 2206 2788 et
2246 2722 2535 2788 similiter

328 2833 397 2895 in
441 2829 700 2918 reliquis
741 2830 1107 2918 generibus.
1173 2836 1226 2896 sl
1272 2829 1330 2896 δ’
1365 2821 1454 2895 αὖ
1490 2826 1585 2916 μή
1619 2835 1795 2896 ἐστιν
1834 2828 1921 2907 ὡς
1958 2831 2214 2913 λέγουσι
2251 2830 2362 2905 ⁸9,
2406 2829 2445 2889 i.
2472 2847 2532 2892 e.

331 2939 389 3000 el
431 2935 501 3001 δὲ
541 2931 636 3019 μή
694 2940 832 3001 ἐστι
886 2928 972 2999 τὰ
1023 2927 1471 3019 μαθηματικὰ
1525 2928 1772 3018 μεταξὺ
1821 2936 1955 2998 τῶν
2009 2932 2196 2998 εἰδῶν
2244 2931 2359 2995 καὶ
2400 2932 2533 2995 τῶν

330 3039 709 3117 αἰσθητῶν,
753 3035 840 3114 ὡς
881 3039 1179 3121 λέγουσιν
1224 3043 1288 3105 οἱ
1332 3038 1778 3103 Πλατωνικοί.
1822 3075 1911 3087 —-
1961 3037 2225 3122 Propria
2270 3034 2419 3098 huic
2462 3032 2531 3098 li-

329 3141 451 3207 bro
497 3152 664 3220 sunt,
715 3163 880 3228 qnae
925 3142 1006 3207 de
1050 3143 1626 3207 mathematicamm
1673 3163 1883 3208 rerum
1927 3143 2188 3208 materia
2235 3139 2539 3224 disputat,

328 3248 675 3324 1114-21,
721 3267 857 3310 eam
899 3267 1025 3310 nec
1067 3246 1373 3331 physicae
1419 3245 1796 3331 disciplinae
1836 3267 1974 3311 esse
2011 3242 2537 3332 investigandam,

327 3372 451 3415 nec
493 3349 851 3436 analyticae
897 3351 1055 3428 (τῆς
1099 3345 1472 3428 σκοπούσης·
1513 3351 1662 3432 περὶ
1706 3344 2097 3427 ἀποδείξεώς
2135 3370 2205 3412 τε
2244 3347 2356 3412 καὶ
2393 3350 2533 3410 ἑπι-

329 3449 586 3537 στήμης
621 3453 821 3532 1518),
873 3452 1152 3538 ideoque
1195 3452 1399 3517 videri
1444 3452 1525 3517 ad
1571 3454 1833 3537 primam
1878 3450 2347 3537 philosophiam
2392 3470 2533 3535 per-

329 3562 564 3636 tinere,
624 3579 828 3648 aqua
875 3578 1010 3622 eam
1056 3556 1325 3621 alienam
1377 3577 1518 3622 esse
1563 3567 1766 3632 antea,
1805 3555 1954 3632 1212,
1999 3565 2094 3618 est
2138 3552 2533 3620 demonstra·-

329 3673 480 3727 tum.
573 3660 950 3746 Comparari
994 3660 1252 3746 quidem
1293 3671 1588 3748 possunt,
1633 3679 1801 3747 quae
1848 3656 1910 3724 Β
1954 3659 2121 3723 998⁶
2164 3659 2201 3721 7
2220 3657 2403 3720 -18
2449 3653 2541 3718 de-

331 3768 695 3831 exsistentia
742 3787 948 3830 rerum
994 3766 1566 3830 mathematicarum
1614 3763 1893 3840 disserit,
1947 3760 2063 3826 sed
2119 3763 2269 3826 satis
2319 3769 2528 3825 tamen

328 3869 576 3936 diversa
639 3869 1086 3954 disputationis
1144 3873 1472 3954 utriusque
1527 3880 1627 3933 est
1671 3869 1852 3932 ratio·
1942 3866 2272 3930 Materiam
2318 3873 2543 3928 autem,

327 3995 538 4039 rerum
595 3974 1199 4052 mathematicarum,
1254 3995 1416 4058 quae
1474 3981 1546 4037 ut
1580 3968 1963 4058 ·cogitabilis
2021 3967 2316 4034 distincta
2367 3969 2449 4031 sit
2493 3988 2539 4031 a

329 4076 614 4142 sensibili
650 4081 933 4164 ipsorum
975 4097 1318 4164 corporum
1353 4074 1728 4142 naturalium
1762 4075 2043 4152 materia,
2083 4092 2533 4144 commemora-

330 4188 455 4243 tam
500 4179 767 4269 legimus
809 4183 872 4245 Z
898 4183 1004 4246 10.
1045 4182 1254 4246 10360
1278 4184 1321 4246 9
1354 4202 1490 4266 sqq.
1539 4182 1639 4244 11.
1677 4181 1877 4245 10366
1901 4181 2005 4244 35.
2037 4180 2263 4244 ’1637α
2288 4179 2349 4242 4.
2416 4177 2532 4240 Di-

332 4285 619 4348 stinetam
680 4307 816 4350 eam
875 4307 1016 4351 esse
1074 4294 1417 4373 propterea
1475 4292 1764 4370 oportet,
1821 4286 1969 4369 quia
2016 4283 2276 4346 materia
2321 4299 2529 4344 rerum

332 4385 722 4451 sensibilium
769 4401 916 4476 apta
963 4399 1060 4454 est
1103 4387 1184 4451 ad
1229 4387 1594 4475 recipienda
1642 4392 1815 4452 varia
1857 4382 2089 4465 πάθη,
2146 4382 2533 4448 mathemati-

332 4511 542 4556 carum
590 4504 796 4557 autem
841 4515 1050 4560 rerum
1093 4496 1382 4571 materia,
1437 4493 1895 4558 abstractarum
1950 4491 2240 4556 nimirum
2291 4489 2530 4574 cogita-
