3109 5175
1996 330 2033 363 Ο

1177 363 1250 435 Β
1296 359 1366 433 4.
1442 359 1590 433 999
1608 360 1671 432 b.
2386 361 2525 435 157

310 538 701 620 sempiterni,
745 534 863 603 sed
907 535 1234 603 sensibilia
1281 546 1348 601 et
1391 535 1717 607 mutabilia
1762 537 1995 605 omnia.
2078 538 2165 603 At
2206 539 2261 605 si
2305 540 2529 623 sempi-

311 648 561 703 ternum
609 637 764 703 nihil
810 650 940 718 est,
995 660 1079 703 ne
1137 642 1275 726 ipsa
1335 639 1586 725 quidem
1631 643 1966 726 generatio
2014 650 2083 705 et
2122 644 2387 709 mutatio
2433 641 2528 705 lo-

312 764 456 808 cum
501 741 742 807 habere
787 753 1019 828 potest,
1065 745 1366 828 quoniam
1401 747 1736 830 generatio
1775 765 1984 830 neque
2024 766 2098 809 ex
2134 744 2387 810 infinito
2426 765 2529 809 or-

314 846 489 911 ditur
529 868 738 933 neque
786 850 853 912 in
891 846 1204 913 infinitum
1245 847 1675 934 progreditur,
1720 847 1835 912 sed
1875 836 2311 934 generationis
2349 851 2527 933 quasi

311 950 552 1015 flumen
610 954 799 1016 certis
863 960 929 1015 et
984 954 1116 1015 suis
1173 948 1472 1017 limitibus
1527 949 1981 1016 includendum
2036 962 2150 1017 est.
2252 953 2527 1017 Primum

316 1057 503 1133 enim,
543 1055 801 1131 ⁶6-8,
848 1065 917 1120 ut
959 1056 1044 1121 sit
1076 1056 1429 1140 generatio,
1476 1074 1617 1119 esse
1647 1066 1906 1139 oportet
1940 1077 2014 1121 ex
2055 1076 2184 1140 quo
2222 1055 2374 1140 quid
2412 1053 2529 1123 fiat

315 1157 442 1238 (cf.
475 1160 538 1223 Z
561 1161 623 1223 8.
667 1160 743 1223 A
779 1160 836 1222 1.
877 1159 1081 1223 10691»
1104 1157 1168 1223 3.
1201 1155 1353 1237 al.),
1399 1165 1464 1221 et
1509 1166 1845 1225 extremam
1891 1157 2143 1244 quidem
2188 1161 2529 1235 materiam,

319 1282 398 1325 ex
443 1284 566 1347 qua
612 1266 824 1326 omnia
869 1260 1056 1338 fiant,
1119 1270 1440 1327 aeternam
1498 1281 1641 1327 esse
1694 1272 1986 1347 oportet,
2046 1259 2219 1343 εἴπερ
2265 1264 2530 1325 ἵσταται

313 1367 427 1431 int.
473 1361 516 1444 ἡ
562 1358 770 1429 ἄλλου
814 1360 882 1442 ἐξ
926 1359 1134 1428 ἄλλον
1190 1367 1437 1447 γένεσις
1492 1365 1614 1442 (cf.
1674 1363 1939 1429 similem
1996 1368 2065 1428 in
2125 1363 2345 1429 eadem
2403 1364 2531 1428 for-

314 1466 486 1533 mula
540 1466 795 1553 ellipsin
844 1469 1044 1532 1000⁶
1082 1469 1190 1533 28.
1254 1469 1328 1532 Λ
1372 1468 1435 1533 3.
1482 1468 1691 1534 1⁰7oa
1725 1471 1788 1548 2,
1827 1470 1902 1546 4,
1953 1466 2091 1532 Zell
2137 1467 2221 1533 ad
2265 1469 2408 1532 Etb.
2444 1469 2528 1532 N.

315 1595 383 1658 p.
425 1574 531 1654 7),
589 1572 650 1634 h.
684 1592 739 1635 e.
783 1569 1094 1656 siquidem
1137 1580 1393 1637 constat
1435 1592 1571 1635 non
1620 1592 1815 1657 posse
1870 1575 1938 1637 in
1994 1571 2312 1637 infinitum
2357 1591 2530 1636 rece-

317 1674 474 1740 dere
516 1675 870 1763 generandi
910 1677 1306 1761 principium,
1352 1675 1429 1740 cf.
1471 1700 1518 1739 a
1554 1677 1617 1741 2.
1653 1678 1816 1741 9941»
1841 1679 1902 1741 6.
1948 1678 2025 1741 A
2058 1678 2160 1740 10.
2201 1677 2397 1741 1⁰75&
2422 1676 2529 1752 26,

316 1780 429 1843 καὶ
474 1783 543 1841 ὲκ
585 1774 677 1861 μὴ
725 1772 915 1854 ὄντος
958 1780 1312 1861 γίγνεσθαι
1356 1775 1703 1857 ἀδύνατον,
1749 1780 1827 1843 cf.
1868 1781 1931 1844 Z
1957 1783 2016 1846 7.
2058 1779 2260 1844 1032&
2292 1780 2397 1843 30.
2442 1815 2524 1830 —

314 1881 591 1959 Deinde,
613 1883 903 1960 ’,Θ-12,
933 1885 1362 1969 generationis
1393 1887 1668 1948 cuiusvis
1699 1892 1766 1947 et
1798 1894 2008 1946 motus
2040 1880 2235 1946 finem
2269 1891 2528 1967 oportet

316 1988 525 2051 statui.
605 1986 767 2050 Nam
812 1989 865 2051 si
913 1989 982 2051 iu
1028 1986 1341 2053 infinitum
1396 1984 1703 2073 progredi
1754 1989 2049 2071 ponimus
2094 1987 2527 2061 mutationem,

315 2111 654 2175 numquam
684 2111 787 2155 res
818 2088 946 2155 ulla
980 2112 1156 2156 esse
1187 2100 1417 2177 potest,
1440 2093 1583 2174 quia
1617 2098 1748 2154 tum
1783 2100 1900 2153 est
1931 2110 2119 2174 quum
2146 2089 2411 2173 primum
2438 2087 2529 2151 fa-

318 2204 418 2258 cta
466 2204 578 2270 est,
626 2186 736 2256 ὅτε
779 2196 1042 2279 πρῶτον
1084 2198 1349 2277 γέγονεν
1382 2194 1531 2271 ⁶12,
1580 2195 1623 2258 i.
1654 2213 1710 2259 e.
1746 2191 1857 2257 ubi
1899 2194 2164 2269 mutatio
2208 2212 2389 2256 suum
2432 2201 2531 2257 est

315 2296 512 2363 finem
537 2305 853 2372 assecuta3
886 2295 1062 2381 quod
1089 2307 1300 2365 autem
1322 2317 1455 2361 non
1482 2306 1699 2383 potest
1723 2296 1954 2363 factum
1980 2316 2140 2374 esse,
2168 2295 2235 2360 id
2269 2318 2350 2362 ne
2382 2297 2522 2363 fieri

319 2399 572 2486 quidem
608 2408 842 2485 potest.
911 2400 1408 2466 Generatiouem
1453 2402 1651 2488 igitur
1694 2402 1892 2485 ipsam
1934 2398 2121 2478 tollit,
2165 2403 2524 2487 quicunque

317 2503 512 2568 fixum
558 2514 751 2591 negat
794 2508 1228 2592 generationis
1272 2504 1484 2569 finem.
1553 2502 1970 2584 (Alexander,
2016 2524 2198 2589 quem
2244 2507 2529 2590 sequitur

319 2608 548 2686 Schw„
585 2606 1011 2694 supplendum
1051 2620 1254 2696 putat.
1301 2599 1382 2675 οὗ
1415 2610 1552 2676 ἔστι
1588 2611 1809 2693 πέρας,
1852 2603 2091 2673 τούτου
2126 2603 2381 2691 ἀνάγκη
2416 2611 2529 2674 καὶ

320 2704 533 2797 ἀρχὴν
577 2708 747 2776 εἶναι
787 2736 851 2798 p.
887 2715 1029 2792 169,
1059 2716 1120 2792 2,
1166 2724 1237 2778 ut
1279 2713 1404 2777 hoc
1447 2716 1635 2778 etiam
1674 2720 2111 2798 argumentum
2149 2710 2231 2777 ad
2266 2711 2531 2778 demon-

319 2814 640 2882 sta-andam
695 2818 996 2881 materiae
1054 2820 1487 2884 aeternitatem
1543 2819 1880 2903 pertineat.
1973 2813 2249 2880 Facilius
2305 2818 2392 2880 ita
2445 2815 2529 2884 ad

320 2922 675 3005 proximum
721 2929 1158 3006 argumentum
1204 2924 1454 2988 transiri
1499 2942 1635 2986 non
1670 2939 1863 3006 nego,
1906 2917 2020 2984 sed
2059 2939 2192 2983 non
2228 2917 2528 2984 videntur

321 3043 395 3087 ea
445 3024 649 3087 omitti
694 3025 1009 3108 potuisse,
1065 3025 1132 3087 in
1191 3023 1419 3109 quibus
1476 3034 1649 3090 esset
1688 3026 1826 3109 ipsa
1871 3025 2370 3090 ratiocinationis
2413 3027 2531 3100 vis,

319 3147 529 3212 neque
575 3125 683 3191 ubi
725 3125 908 3211 plura
953 3141 1323 3214 argumenta
1369 3150 1486 3214 per
1530 3150 1674 3193 voc.
1720 3128 1814 3192 ἔτι
1856 3123 1917 3190 δ’
1956 3126 2265 3206 adnectit,
2309 3129 2378 3191 in
2416 3147 2529 3194 eo·

319 3252 455 3296 rum
493 3233 959 3296 coniunctione
1004 3230 1380 3297 Aristoteles
1441 3231 1675 3317 ubique
1720 3234 1871 3296 satis
1917 3230 2190 3317 diligens
2236 3235 2394 3310 est.)
2443 3267 2524 3282 —-

320 3332 576 3420 Quodsi
620 3338 920 3400 materiae
965 3338 1401 3400 aeternitatem
1441 3333 1841 3400 tribuendam
1880 3354 2018 3398 esse
2054 3339 2364 3420 apparuit,
2400 3336 2527 3400 ⁶12

319 3440 538 3519 -16,
595 3438 796 3504 multo
854 3441 1142 3504 nimirum
1192 3440 1390 3525 magis
1435 3449 1933 3506 consentaneum
1981 3445 2107 3512 est,
2166 3458 2342 3501 esse
2388 3459 2525 3500 eam

319 3542 604 3621 formam,
650 3564 834 3628 quam
875 3546 1140 3608 materia
1184 3541 1404 3620 induit,
1451 3544 1542 3607 ἔτι
1584 3540 1842 3627 μᾶλλον
1887 3534 2159 3621 εὔλογον
2203 3537 2370 3604 εἶναι
2406 3536 2529 3618 τὴν

321 3642 558 3712 οὐσίαν
600 3650 627 3723 (
641 3648 681 3709 i.
715 3667 770 3709 e.
815 3641 894 3710 τὸ
941 3643 1151 3725 εἶδος)
1199 3639 1237 3713 ὅ
1281 3668 1442 3712 ποτε
1485 3646 1696 3724 ἐκείνη
1740 3647 1892 3722 (int.
1930 3640 1976 3723 ἡ
2009 3638 2174 3721 ὕλη)
2217 3643 2525 3725 γίγνεται.

321 3748 567 3833 (Quod
623 3743 663 3813 ὅ
719 3769 879 3814 ποτε
936 3753 1164 3835 scripsi
1210 3771 1286 3815 ex
1329 3749 1506 3816 Alex.
1551 3774 1615 3836 p.
1656 3750 1803 3827 170,
1843 3748 1887 3812 2
1932 3757 1999 3813 et
2040 3745 2186 3812 cod.
2231 3746 2331 3826 E,
2389 3749 2527 3832 ipsa

318 3855 674 3920 sententiae
703 3856 953 3918 ratione
983 3856 1134 3920 satis
1165 3857 1284 3919 erit
1312 3851 1843 3918 commendatum
1886 3852 2105 3938 Quum
2137 3853 2317 3928 enim,
2349 3848 2528 3935 quid-

320 3955 475 4041 quid
519 3955 626 4035 fit,
668 3956 736 4021 id
780 3957 895 4022 fiat
934 3952 1064 4023 ὑπό
1109 3979 1286 4034 τινος
1332 3967 1397 4024 et
1439 3960 1507 4023 ἔκ
1549 3978 1728 4034 τινος
1774 3966 1840 4021 et
1881 3958 1974 4034 τί,
2021 3957 2083 4018 Ζ
2121 3957 2193 4032 8,
2238 3958 2291 4019 si
2335 3947 2413 4018 τὸ
2458 3955 2528 4020 ἔκ

318 4082 498 4136 τινος
540 4064 582 4124 i.
623 4082 678 4124 e.
725 4063 987 4125 materia
1034 4081 1176 4126 essc
1221 4059 1554 4126 statuenda
1605 4069 1728 4137 est,
1786 4062 1982 4147 magis
2030 4062 2214 4123 etiam
2260 4078 2528 4124 consen-

319 4173 576 4230 taneum
624 4174 723 4230 est
763 4163 1132 4251 ponendum
1178 4186 1320 4230 esse
1363 4158 1442 4230 τὸ
1487 4166 1551 4228 τί
1596 4166 1637 4229 i.
1668 4185 1725 4228 e.
1771 4156 1850 4228 τὸ
1895 4160 2082 4239 εἶδος.
2149 4163 2254 4227 De
2287 4183 2527 4250 genere
2614 4217 2623 4228 ,

317 4277 551 4334 neutro
597 4263 637 4332 ὅ
685 4267 946 4336 liberius
1004 4278 1314 4354 usurpato
1362 4268 1441 4332 cf.
1487 4268 1720 4331 Waitz
1765 4266 1844 4331 ad
1892 4268 2053 4354 Org.
2100 4267 2127 4330 1
2172 4268 2245 4330 4⁶
2282 4268 2343 4330 4.
2403 4266 2527 4330 48⁶

319 4372 425 4438 34.
474 4409 555 4423 —-
605 4367 643 4436 ὅ
688 4395 865 4450 ποτε,
909 4371 989 4437 cf.
1037 4374 1204 4458 Top.
1236 4373 1334 4436 Vl
1377 4372 1441 4436 8.
1491 4372 1647 4438 1461»
1684 4372 1787 4449 8.)

449 4473 612 4542 ,Inde
655 4478 711 4542 si
757 4485 856 4541 est
896 4475 1259 4555 verisimile,
1302 4496 1438 4543 non
1483 4495 1679 4563 posse
1722 4473 1881 4539 nihil
1926 4477 2084 4561 poni
2127 4482 2381 4559 praeter
2414 4479 2527 4535 'res
