3109 5175
1154 403 1232 474 Α
1280 399 1348 475 5.
1425 398 1655 476 987α.
2412 400 2506 479 85

297 576 568 639 veritate
604 594 973 661 persuasum
1008 574 1294 658 habeam,
1338 598 1551 664 neque
1592 575 1747 645 inde
1789 579 2110 645 scribendi
2154 579 2264 645 illa
2309 584 2508 670 varie7

297 686 391 743 tas
435 677 733 744 videatur
778 678 1073 765 explicari
1119 700 1332 767 posse.
1409 683 1574 746 Utut
1616 680 1864 771 legitur,
1909 686 2226 770 vituperat
2269 685 2508 749 Aristo-

294 782 456 848 teles
502 782 652 847 illos
695 780 1121 870 philosophos
1167 783 1272 849 vel
1317 785 1491 871 quod
1531 807 1665 852 non
1702 789 1852 850 satis
1890 786 2234 874 diligenter
2269 797 2333 851 et
2361 787 2507 852 suh-

295 885 489 951 tiliter
534 888 599 951 iu
646 887 1137 973 comprobandis
1184 891 1312 954 suis
1357 888 1606 975 placitis
1649 892 1912 970 versati,
1970 889 2076 956 vel
2138 890 2313 977 quod
2372 912 2503 955 non

295 993 506 1056 omnia
554 1012 878 1056 causarum
924 1013 1161 1079 genera
1208 990 1517 1079 complexi
1565 992 1813 1058 fuerint.
1891 994 2287 1082 Pythagorei
2329 1015 2504 1086 vero²

293 1097 513 1181 inquit,
561 1089 679 1159 δύο
718 1095 840 1177 μὲν
874 1088 994 1172 τὰς
1031 1090 1242 1181 ἀρχὰς
1277 1090 1449 1161 κατὰ
1491 1089 1634 1161 τὸν
1679 1091 1933 1163 αὐτὸν
1977 1093 2274 1180 εὶρήκασι
2315 1094 2504 1184 τρό-

291 1220 447 1264 πον
478 1199 631 1263 014.
699 1197 910 1283 Quam
941 1196 1112 1262 dicat
1137 1203 1449 1265 rationem
1478 1200 1909 1288 Pythagoreis
1939 1222 2332 1267 communem
2363 1220 2507 1266 esse

294 1324 429 1365 cum
478 1300 934 1388 superioribus,
979 1301 1236 1369 dubium
1282 1303 1565 1379 videtum
1616 1303 1696 1369 ad
1745 1326 1819 1368 ea
1867 1308 2033 1370 enim
2078 1305 2292 1380 verba,
2339 1323 2504 1390 quae

292 1408 581 1491 proxime
640 1405 1027 1471 antecedunt
1077 1406 1357 1494 ideoque
1397 1410 1665 1493 primum
1711 1406 2070 1496 legentibus
2114 1410 2182 1493 in
2226 1416 2502 1470 mentem

292 1512 587 1587 veniunt,
644 1520 715 1574 ut
771 1507 929 1575 duas
987 1531 1208 1574 causas
1262 1531 1563 1598 genere
1620 1511 1905 1576 diversas
1949 1511 2342 1600 Pythagorei
2387 1531 2506 1597 po-

294 1615 495 1678 suisse
557 1612 873 1691 dicautur,
928 1612 1316 1678 materialem
1364 1624 1431 1680 et
1471 1617 1830 1695 mutricem,
1884 1615 2109 1680 referri
2165 1617 2326 1680 haec
2367 1635 2504 1683 non

293 1726 595 1803 possunt,
649 1716 728 1781 cf.
775 1715 856 1781 ad
901 1718 1070 1782 986⁶
1112 1719 1212 1784 17.
1302 1717 1524 1802 Quare
1568 1717 1726 1783 nihil
1771 1729 1868 1784 est
1910 1718 2220 1806 reliquum
2264 1720 2387 1783 nisi
2430 1728 2506 1783 ut

292 1820 396 1886 vel
440 1842 585 1886 cum
633 1819 996 1886 Alexandro
1042 1824 1536 1908 interpretemur
1580 1846 1642 1909 p.
1677 1824 1783 1902 35,
1828 1825 1893 1889 7:
1950 1818 2069 1888 δύο
2126 1816 2249 1898 τὰς
2292 1814 2506 1906 ἀρχὰς

292 1918 412 2001 τὰς
466 1918 700 2000 ὑλικὰς
748 1927 1015 1990 ἐποίουν
1058 1918 1275 2012 ὥσπερ
1318 1926 1431 1990 καὶ
1475 1919 1669 1991 ἄλλοι
1713 1924 1860 1992 coll.
1897 1929 2018 2005 αδ,
2075 1923 2182 1989 vel
2236 1924 2502 1990 eandem

293 2027 725 2117 negligentiae
752 2027 1077 2094 cuiusdam
1101 2029 1650 2111 vituperationem,
1682 2050 1864 2114 quam
1893 2032 1955 2094 in
1983 2027 2266 2114 reliquos
2291 2031 2504 2092 cunie-

297 2134 377 2196 cit
404 2131 847 2220 philosophoffi
880 2134 1066 2197 etiam
1100 2129 1180 2194 ad
1212 2130 1658 2219 Pythagoreos
1689 2130 1941 2197 extendi
1972 2131 2281 2208 dieamus3
2315 2152 2501 2218 quam

297 2239 899 2322 interpretationem,
924 2237 1219 2322 quoniam
1246 2232 1330 2298 ad
1353 2238 1662 2320 propiora
1686 2235 1973 2313 refertur,
2003 2233 2294 2322 equidem
2320 2256 2503 2323 prae-

297 2339 621 2405 ferendam
682 2343 989 2405 existimo.
1091 2338 1184 2403 lta
1240 2336 1442 2401 facilis
1499 2342 1685 2404 etiam
1740 2342 2044 2404 transitus
2101 2350 2365 2425 paratur
2418 2336 2501 2405 ad

298 2446 577 2528 proxima
623 2442 837 2522 verba,
881 2442 991 2507 uhi
1035 2443 1501 2530 Pythagoreos,
1545 2465 1738 2529 quum
1786 2445 2155 2530 ceteroquin
2201 2442 2364 2508 alios
2409 2442 2499 2507 di-

297 2545 556 2635 ligentia
615 2567 751 2612 non
807 2558 1220 2633 superarent„
1266 2544 1503 2634 aliquid
1561 2558 1772 2613 tamen
1819 2550 2143 2635 proprium
2191 2569 2265 2612 ac
2307 2568 2501 2633 pecu-

300 2650 444 2718 liare
504 2650 828 2718 addidisse
880 2649 1061 2729 dicit,
1120 2646 1222 2716 ὅτι
1265 2644 1344 2715 τὸ
1388 2656 1882 2735 πεπερασμένον
1929 2689 2009 2702 -
2054 2654 2501 2737 κατηγοροῦν·

297 2777 403 2820 ται
435 2757 795 2834 ‹215-19,
840 2753 924 2821 de
969 2777 1089 2840 qua
1133 2775 1207 2819 re
1251 2753 1511 2819 uberius
1556 2754 1835 2842 disputat
1861 2755 1930 2820 B
1959 2758 2021 2820 4.
2057 2757 2264 2820 loma
2288 2757 2329 2819 4
2361 2776 2496 2841 sqq.

299 2857 489 2944 Quod
538 2868 748 2924 autem
794 2867 978 2923 antea
1025 2857 1183 2923 duas
1227 2879 1446 2923 causas
1491 2863 1736 2944 positas
1782 2858 1937 2923 dicit
1976 2880 2011 2922 a
2059 2858 2496 2946 Pythagoreis,

299 2965 457 3043 013,
514 2985 594 3028 ac
645 2961 881 3029 deinde
937 2970 1150 3027 tamen
1211 2973 1539 3027 enumerat
1592 2956 1670 3028 τὸ
1724 2965 2221 3046 πεπερασμένον
2262 2963 2377 3026 καὶ
2417 2955 2496 3027 τὸ

302 3059 566 3156 ἄπειρον
607 3068 720 3132 καὶ
762 3058 842 3131 τὸ
886 3070 970 3145 ἔν,
1014 3076 1231 3153 potest
1260 3065 1512 3153 quidem
1541 3062 1621 3133 τὸ
1651 3071 1720 3133 ἕν
1748 3067 1950 3152 accipi
1978 3075 2291 3151 tamquam
2322 3063 2497 3130 aliud

227 3217 231 3221 -
301 3190 528 3236 nomen
569 3174 705 3235 eius
741 3172 1054 3256 principii,
1098 3169 1270 3255 quod
1304 3169 1679 3256 plerumque
1712 3174 1917 3255 πέρας
1947 3168 2054 3234 vel
2088 3171 2495 3253 πεπερασμέ-

301 3295 411 3340 νον
454 3275 627 3354 dicit,
671 3275 750 3341 cf.
785 3276 872 3339 M
893 3277 955 3339 6.
997 3275 1200 3339 10801·
1223 3277 1285 3339 6.
1344 3273 1556 3340 Zeller
1592 3296 1688 3363 gr.
1718 3274 1831 3339 Ph.
1863 3273 1910 3338 1.
1954 3295 2017 3359 p.
2054 3275 2196 3351 118,
2224 3275 2288 3337 3.
2362 3268 2495 3336 Sed

302 3389 557 3466 propter
602 3381 806 3466 ipsum
852 3378 1139 3444 ordinem
1184 3379 1523 3444 verborum
1572 3400 1789 3465 parum
1833 3378 1961 3442 hoc
2004 3386 2100 3442 est
2134 3373 2493 3452 verisimile,

303 3480 621 3571 longeque
668 3480 1062 3570 probabilius
1103 3477 1182 3546 τὸ
1227 3487 1296 3548 ἔν
1340 3482 1462 3548 dici
1508 3485 1774 3570 primum
1822 3501 2179 3558 numerum,
2237 3501 2311 3543 ex
2368 3476 2495 3542 ele·

305 3591 520 3652 mentis
565 3587 796 3652 infiniti
835 3596 899 3652 et
931 3584 1095 3650 finiti
1132 3596 1197 3650 et
1227 3589 1431 3673 ipsum
1468 3595 1870 3673 prognatum,
1911 3582 2026 3648 sed
2065 3604 2139 3647 ex
2172 3602 2300 3668 quo
2334 3579 2496 3646 fiant

305 3688 520 3776 reliqui
553 3693 815 3769 numeri,
851 3689 931 3755 cl'.
964 3690 1133 3755 9860
1161 3693 1284 3757 192.
1305 3687 1383 3756 τὸ
1419 3686 1479 3756 δ’
1508 3690 1581 3754 ἓν
1616 3687 1684 3768 ἐξ
1719 3686 2115 3777 ἀμφοτέρων
2142 3679 2311 3749 εἶναι
2340 3676 2493 3749 τού-

304 3813 424 3858 των
466 3817 554 3860 sc.
599 3796 720 3861 τοῦ
761 3792 992 3880 ἀρτίου
1033 3796 1147 3859 καὶ
1201 3796 1321 3860 τοῦ
1375 3795 1681 3881 περιττοῦ
1723 3795 1858 3856 sive
1901 3792 2021 3856 τοῦ
2064 3786 2339 3874 ἀπείρου
2379 3788 2493 3850 καὶ

304 3899 412 3961 τοῦ
438 3901 947 3984 πεπερασμένου.
1005 3897 1297 3963 Eundem
1327 3900 1391 3961 in
1429 3918 1681 3962 sensum
1715 3898 1900 3962 etiam
1930 3896 2229 3981 proximis
2259 3895 2322 3956 in
2355 3911 2494 3955 ver-

308 3996 395 4062 bis
438 3996 599 4067 αὐτὸ
645 3994 723 4066 τὸ
768 4007 838 4068 ἕν
872 4003 1010 4067 als
1052 4001 1306 4067 videtur
1351 3998 1806 4088 explicandum.
1856 4037 1937 4050 —
1982 3999 2281 4082 Denique
2325 3997 2494 4082 priu-

307 4103 442 4187 cipii
487 4091 801 4184 formalis,
843 4106 964 4170 τοῦ
1003 4106 1070 4170 τί
1112 4110 1267 4184 ἐστι,
1319 4108 1516 4191 prima
1565 4101 1871 4188 quaedam
1915 4104 2185 4167 inveniri
2226 4100 2494 4186 vestigia

310 4206 465 4291 apud
508 4209 955 4297 Pythagoreos
1001 4208 1183 4289 dicit,
1233 4208 1351 4275 sed
1394 4205 1733 4273 admodum
1778 4206 2187 4295 negligenter
2230 4199 2496 4285 (ἁπλῶς

311 4310 432 4374 ³21
475 4315 516 4376 i.
548 4335 601 4377 e.
634 4310 1039 4398 ἀδιορίστως,
1079 4315 1156 4378 cf.
1188 4321 1249 4378 A
1288 4316 1383 4380 15.
1418 4312 1623 4377 1⁰20&
1645 4313 1752 4377 33.
1798 4312 1866 4375 E
1897 4313 1949 4375 l'.
1981 4311 2187 4375 1⁰25*
2207 4309 2291 4374 2¹7
2308 4311 2336 4388 )
2380 4327 2496 4371 eos

312 4412 371 4474 in
427 4413 904 4482 definitionibus
961 4417 1341 4502 quaerendis
1395 4427 1685 4482 versatos
1742 4436 1898 4480 esse.
1991 4416 2159 4500 Apto
2203 4408 2494 4497 exemplo

315 4514 488 4604 Alex„
521 4519 600 4592 ad
647 4521 707 4586 h.
754 4520 796 4586 l.
845 4543 982 4587 eam
1027 4520 1482 4611 negligentiam
1532 4520 1832 4587 illustrat:
1889 4514 2036 4585 οἷον
2088 4512 2211 4597 τὴν
2265 4515 2497 4606 φιλίαν
