3109 5175
1134 377 1213 450 A
1257 374 1329 449 6.
1401 373 1546 448 987
1564 372 1629 447 b.
2388 373 2488 449 89

1011 478 1050 517 ’Χ

290 552 416 619 sint
460 560 526 619 et
570 571 649 619 ex
692 550 854 619 ideis
897 562 1362 639 nuncupentur.
1409 588 1491 601 —
1550 549 1752 637 Quod
1809 559 2018 617 autem
2074 571 2359 617 omnes-
2387 573 2490 618 res

290 655 625 723 sensibiles
668 654 1014 721 'secundum
1058 654 1236 721 ideas
1281 657 1582 722 formatas
1630 677 1770 721 esse
1813 654 1994 735 dicit,
2050 655 2198 721 huic
2240 667 2493 722 senten-

290 762 417 826 tiae
462 780 596 826 non
642 770 740 824 est
782 781 895 825 cur
936 781 1295 848 repugnare
1339 771 1636 847 putemus
1674 759 1848 846 quod
1879 758 2029 825 alibi
2059 759 2294 825 diserte
2325 781 2493 825 com-

289 875 627 943 memorat,
682 884 817 929 non
874 867 1155 929 omnium
1205 885 1414 930 rerum
1458 863 1848 930 sensibilium
1894 886 1969 930 ex
2015 863 2306 931 doctrina
2350 864 2495 929 Pla-

290 971 502 1034 tonica
546 967 915 1033 statuendas
960 989 1103 1034 esse
1145 967 1351 1048 ideas,
1395 967 1509 1032 sed
1560 989 1771 1034 earum
1816 968 2014 1033 modo
2060 991 2224 1054 qnae
2264 978 2492 1035 natura

290 1075 719 1151 constiterint,
764 1072 846 1138 cf.
889 1071 973 1137 ad
1017 1076 1078 1137 9.
1125 1074 1287 1138 9911»
1323 1075 1398 1147 6;
1459 1074 1748 1137 nimirum
1795 1067 2100 1152 αἰσθητὰ
2144 1110 2222 1125 --
2267 1068 2493 1139 πάντα

288 1178 388 1242 ⁶8.
417 1180 466 1243 9
508 1177 636 1241 hoc
679 1175 831 1241 loco
877 1198 952 1242 ea
995 1175 1194 1241 modo
1239 1174 1657 1264 intelligenda
1703 1187 1866 1254 sunt,
1909 1179 1977 1240 in
2018 1177 2252 1264 quibus
2288 1180 2493 1243 omnis

290 1281 445 1347 baec
503 1301 827 1346 causarum
885 1283 1175 1366 quaestio
1232 1290 1548 1359 versatur,
1604 1274 1690 1345 τὰ
1734 1276 1929 1368 φύσει
1971 1282 2361 1347 συνεστῶτα.
2408 1319 2490 1333 -

291 1383 491 1471 Quod
537 1404 638 1449 res
679 1382 1018 1449 sensibiles
1062 1376 1232 1447 κατά
1275 1386 1505 1462 ταῦτα,
1548 1386 1589 1448 i.
1624 1405 1677 1450 e.
1724 1378 1811 1449 τὰ
1840 1382 1996 1463 εἴδη,
2039 1386 2360 1470 λέγεσθαι
2400 1386 2495 1452 di·-

289 1493 391 1569 xit,
435 1488 506 1554 id
548 1485 846 1575 explicari
884 1498 951 1552 et
986 1486 1349 1553 confirmari
1380 1497 1649 1574 apparet
1675 1487 1888 1554 verbis
1916 1491 2201 1574 proxime
2230 1511 2495 1576 sequen-
2569 1510 2575 1518 ·

291 1592 486 1659 tibus:
524 1586 695 1657 κατὰ
723 1589 997 1677 μέθεξιν
1025 1588 1176 1678 γὰρ
1207 1588 1375 1659 εἶναι
1401 1585 1490 1657 τὰ
1513 1586 1731 1658 πολλὰ
1760 1594 1895 1657 τῶν
1928 1587 2325 1676 συνωνύμων
2354 1602 2497 1671 τοῖς

292 1694 528 1762 εἴδεσιν
562 1690 667 1761 ὁ9.
747 1693 936 1780 Quae
979 1693 1180 1760 verba
1224 1718 1596 1784 quamquam
1646 1707 1900 1763 constat
1946 1699 2210 1771 omnino
2257 1699 2352 1762 sic
2396 1720 2497 1763 re-

291 1799 438 1864 ferri
487 1797 568 1863 ad
611 1802 973 1886 superiora,
1030 1808 1239 1865 tamen
1298 1800 1624 1885 quomodo
1669 1804 1806 1888 ipsa
1850 1800 2327 1887 interpretanda
2370 1805 2500 1867 sint

278 1904 675 1971 dissentiunt
715 1905 835 1967 viri
878 1901 1070 1981 docti,
1115 1906 1222 1989 qui
1263 1903 1432 1969 haud
1471 1909 1607 1970 scio
1647 1926 1731 1970 an
1768 1904 2176 1971 difficultates
2212 1908 2336 1992 ipsi
2373 1907 2497 1972 sibi

292 2008 730 2074 facessiverint
769 2009 840 2071 in
882 2006 1096 2073 verbis
1132 2006 1462 2072 intellectu
1502 2008 1831 2074 facillimis,
1899 2007 2045 2088 (Cf.
2079 2007 2380 2073 Trendel.
2413 2008 2499 2075 de

292 2112 448 2178 ideis
498 2136 561 2198 p.
591 2112 680 2178 32
723 2132 858 2196 sqq.
919 2110 1002 2201 A·
1047 2110 1253 2189 Stabr,
1297 2110 1467 2176 Berl.
1499 2113 1709 2176 Wiss.
1751 2112 1977 2177 Jahrb.
2010 2112 2199 2177 1841.
2235 2112 2319 2176 Ν.
2350 2115 2499 2195 91.)

292 2217 385 2281 Ac
440 2218 712 2303 primum
768 2211 1023 2300 quidem
1078 2214 1254 2300 quod
1310 2214 1392 2279 ad
1447 2226 1685 2282 textum
1743 2218 1970 2282 attinet
2024 2214 2357 2302 probanda
2402 2227 2501 2283 est

292 2323 426 2386 sine
476 2319 676 2385 dubio
722 2320 1028 2403 scriptura
1072 2340 1108 2382 a
1155 2318 1494 2385 Brandisio
1540 2331 1606 2386 et
1647 2320 1951 2386 Bekkero
1995 2330 2283 2406 recepta,
2335 2341 2499 2408 quae

293 2422 441 2490 licet
489 2446 525 2489 a
565 2410 1215 2508 codicibus'plurimis
1251 2423 1526 2504 recedat,
1570 2435 1781 2490 tamen
1810 2436 1983 2489 certa
2012 2422 2355 2489 Alexandri
2392 2447 2501 2490 au-

294 2532 556 2594 ctoritas
597 2526 745 2616 plus
790 2526 985 2597 babet
1027 2524 1332 2613 ponderis
1377 2550 1563 2615 quam
1604 2528 1898 2595 codicum
1941 2528 2047 2592 vel
2087 2526 2497 2614 plurimorum

296 2653 675 2712 consensus,
731 2634 1102 2718 praesertim
1155 2655 1342 2718 quum
1390 2656 1525 2698 eam
1575 2633 1869 2699 exhibeat
1909 2633 2278 2710 lectionem,
2334 2655 2499 2718 quae

293 2746 562 2823 propter
612 2739 926 2802 rationem
984 2738 1336 2801 sententiae
1390 2737 1495 2802 vel
1547 2736 1633 2803 de
1678 2740 2042 2804 coniectura
2088 2736 2282 2802 fuerit
2323 2739 2501 2803 resti-

296 2839 553 2905 tuenda.
641 2838 959 2925 Explicari
1014 2849 1223 2905 autem
1285 2844 1606 2927 aptissime
1660 2841 1915 2906 videtur
1957 2840 2315 2906 Aristotelis
2358 2862 2501 2906 set»

297 2950 494 3011 tentia
538 2944 636 3009 his
681 2942 892 3009 verbis
921 2942 1294 3009 Alexandri:
1336 2940 1509 3011 κατὰ
1549 2943 1827 3033 μέθεξιν
1867 2938 1996 3032 γὰρ
2039 2937 2120 3009 τὸ
2164 2940 2331 3009 εἶναι
2372 2946 2502 3030 ἔχει

298 3045 378 3114 τὰ
434 3041 744 3128 αἰσθητά
799 3069 870 3113 τε
926 3049 1039 3113 καὶ
1097 3043 1444 3135 συνώνυμα
1499 3058 1641 3127 τοῖς
1695 3048 1915 3128 εἴδεσι,
1971 3044 2096 3128 τὴν
2135 3049 2268 3113 τῶν
2312 3048 2501 3115 εἰδῶν

297 3175 360 3237 p.
386 3154 493 3230 38,
534 3155 635 3217 11.
707 3152 957 3217 Etenim
1002 3145 1173 3216 κατὰ
1215 3151 1490 3236 μέθεξιν
1533 3137 1709 3220 εἶναι’
1746 3152 1975 3219 eodem
2018 3150 2217 3217 modo
2263 3149 2498 3217 dictum

301 3267 418 3335 est,
481 3267 553 3322 ut
597 3253 819 3332 ἁπλῶς
861 3251 1053 3332 εἶναι,
1109 3256 1248 3332 πῶς
1292 3253 1487 3336 εἶναι,
1543 3251 1716 3322 κατὰ
1767 3248 2181 3342 συμβεβηκὸς
2223 3251 2391 3320 εἶναι
2436 3265 2503 3321 et

297 3358 552 3438 similia,
595 3380 759 3446 quae
799 3357 1232 3446 vulgatissima
1276 3372 1427 3425 sunt
1469 3361 1639 3449 apud
1682 3359 2111 3427 Aristotelem.
2200 3358 2498 3424 Dativum

299 3474 434 3542 τοῖς
469 3463 666 3530 εἴδεσι
697 3472 1070 3529 construere
1100 3485 1237 3528 cum
1268 3462 1563 3546 μέθεξιν,
1605 3463 1782 3551 quod
1811 3462 2018 3530 voluit
2044 3465 2123 3529 A.
2156 3462 2346 3528 Stabr
2375 3462 2417 3528 l.
2440 3462 2502 3545 1.‚

299 3565 447 3634 lieet
490 3566 650 3633 illud
697 3565 947 3653 quidem
991 3589 1108 3652 per
1139 3566 1320 3656 leges
1356 3572 1813 3657 grammaticas,
1855 3568 1972 3634 sed
2017 3570 2120 3631 vix
2152 3566 2499 3653 putandum

304 3684 396 3736 est
435 3671 633 3737 licere
676 3692 797 3757 per
840 3668 1330 3737 collocationem
1372 3674 1745 3754 verborum,
1802 3695 1924 3761 qua
1980 3673 2343 3736 necessario
2387 3672 2500 3737 du-

305 3777 496 3841 cimur
549 3774 632 3841 ad
689 3774 1204 3863 coniungendam
1261 3775 1538 3843 dativum
1595 3788 1737 3856 τοῖς
1790 3776 1987 3843 εἴδεσι
2030 3798 2170 3841 cum
2216 3771 2503 3844 συνωνύ-

303 3902 459 3962 μων.
532 3878 793 3946 Deiude
835 3873 922 3943 τοὶ
964 3873 1182 3944 πολλά
1224 3901 1357 3946 non
1408 3893 1505 3947 est
1546 3879 2092 3969 interpretandum
2135 3878 2500 3966 plurima,

306 3982 474 4067 quod
506 3984 706 4050 schol.
738 4008 802 4071 p.
830 3984 1000 4050 5490
1025 3985 1127 4061 11,
1172 3994 1426 4051 secutos
1467 4008 1655 4051 unam
1696 4007 1771 4051 ex
1800 3984 2329 4072 explicationibus
2359 3985 2505 4052 Ale-

306 4085 519 4153 xandri
553 4112 614 4174 p.
647 4090 752 4168 38,
784 4090 1001 4166 5-8‚
1045 4091 1397 4175 praecepit:
1442 4087 1651 4175 εἴρηκε
1697 4091 1767 4157 δὲ
1809 4092 2005 4157 τοῦτο
2065 4082 2192 4153 «τὰ
2230 4086 2491 4155 πολλά»

307 4184 413 4253 διὰ
455 4185 532 4256 τὸ
576 4183 672 4277 μὴ
715 4187 983 4258 πάντων
1026 4192 1206 4268 ἰδέας
1245 4186 1365 4259 τὸν
1395 4189 1742 4259 Πλάτωνα
1787 4194 2135 4272 τίθεσθαι,
2178 4194 2306 4259 boc
2335 4197 2519 4262 enim.

307 4306 690 4382 repugnaret
719 4296 928 4362 verbis
957 4295 1410 4382 superioribus,
1434 4298 1662 4385 quibus
1689 4291 1774 4362 τὰ
1805 4291 2107 4375 αἰσθητοὶ
2133 4336 2211 4350 -
2237 4293 2505 4364 πάντα

309 4395 388 4461 ad
441 4420 724 4465 normam
783 4399 1066 4466 idearum
1123 4400 1391 4466 formata
1441 4401 1818 4467 Aristoteles
1863 4400 2133 4478 dixerat3
2193 4402 2506 4488 explican-

310 4498 451 4570 dum
496 4507 712 4592 potius
758 4500 841 4570 τὰ
884 4499 1101 4571 πολλά
1146 4526 1222 4571 ex
1267 4507 1600 4573 notissimo
1646 4506 1761 4573 illo
1806 4505 2092 4572 Platonis
2135 4527 2283 4587 usu,
2329 4506 2503 4593 quod
