3109 5175
1207 370 1285 437 Ζ
1324 367 1393 438 9.
1479 365 1665 440 1034
1679 389 1746 438 a.
2428 366 2574 440 329

374 540 768 627 expertibuS,
825 534 867 618 ἢ
911 544 984 605 ὲκ
1025 543 1263 625 μέρους
1307 543 1460 606 α21.
1552 542 1740 626 Quae
1787 563 1861 606 ex
1905 561 2020 607 sua
2063 546 2346 628 ipsorum
2392 553 2573 628 parte

371 639 597 729 aliqua'
624 656 991 721 moventur,
1042 665 1116 707 ea
1163 645 1634 729 quodammodo
1682 668 1756 710 ex
1801 666 1871 709 se
1914 648 2069 731 ipsis
2112 650 2358 711 moveri
2400 646 2575 711 vide-

370 747 633 824 buntur,
692 755 761 812 ut
816 748 1154 811 κινεῖσθαι
1203 749 1583 833 δυναμένων
1625 746 1892 814 αὐτῶν
1939 785 2019 798 -
2066 741 2111 826 ἢ
2156 753 2237 812 ἐκ
2275 751 2573 834 μέρους

369 871 503 915 non
549 848 811 914 multum
857 848 1139 926 differat3
1185 874 1382 937 quare
1428 851 1596 916 haud
1643 855 1776 915 scio
1825 873 1907 915 an
1948 854 2145 937 μέρος
2189 853 2248 915 h.
2296 850 2338 915 l.
2389 871 2464 914 ea
2510 854 2573 914 vi

373 955 480 1018 Ar.
528 957 954 1039 usurpaverit,
1011 977 1132 1040 qua
1189 975 1379 1041 supra
1437 976 1685 1019 causam
1745 955 2223 1020 antecedentem
2286 957 2377 1019 rei
2423 954 2577 1018 effe-

374 1067 512 1122 ctae
555 1066 799 1143 partem
844 1056 1000 1122 dixit
1052 1080 1219 1136 esse,
1276 1056 1475 1122 veluti
1524 1058 1801 1122 calorem
1846 1061 2125 1122 sanitatis
2170 1066 2442 1144 partem,
2495 1057 2573 1121 cf.

375 1164 434 1227 7.
481 1163 686 1227 103zb
720 1163 828 1225 26.
878 1199 957 1211 -
1001 1163 1132 1225 all
1180 1162 1472 1241 τῶνμὲν
1517 1159 1561 1239 ἡ
1604 1157 1728 1240 ὕλη
1777 1199 1855 1212 -
1904 1160 1947 1240 ἡ
1991 1163 2112 1245 μὲν
2153 1162 2288 1226 κτλ.
2358 1162 2575 1225 Enun-

374 1266 565 1329 ciatio
611 1262 797 1328 aliter
844 1273 942 1329 est
986 1267 1255 1350 incepta,
1299 1262 1482 1328 aliter
1515 1268 1901 1329 continuata.
1977 1253 2237 1350 lnce'pta
2275 1267 2440 1328 enim
2478 1273 2577 1328 est

373 1391 449 1432 ac
492 1370 548 1432 si
591 1366 825 1432 deinde
869 1368 1148 1432 scribere
1193 1367 1415 1431 vellet:
1472 1367 1604 1432 τῶν
1655 1369 1774 1451 μὲν
1829 1366 1871 1446 ἡ
1912 1364 2037 1446 ὕλη
2082 1362 2353 1447 τοιαύτη
2398 1369 2577 1432 ἐστὶν

375 1476 490 1538 οἵα
532 1472 897 1548 areleffus,
955 1473 1083 1536 τῶν
1129 1468 1187 1534 δ’
1228 1464 1335 1548 οὔ,
1392 1472 1757 1534 continuata
1815 1491 1974 1535 vero
2017 1473 2137 1547 sic,
2196 1492 2272 1533 ac
2315 1473 2370 1535 si
2416 1470 2577 1535 illud

374 1577 504 1640 τῶν
546 1579 697 1659 μέν
742 1578 1005 1639 omnino
1051 1574 1285 1638 dictum
1333 1591 1466 1637 non
1511 1582 1706 1637 esset:
1756 1575 1885 1638 τῶν
1928 1578 2329 1657 γιγνομὲνων
2372 1571 2413 1652 ἡ
2457 1576 2578 1656 μὲν
2686 1590 2692 1594 ·

371 1673 495 1757 ὕλη
541 1672 811 1755 τοιαύτη
857 1680 995 1743 ἐστί
1043 1714 1121 1728 -
1169 1674 1212 1755 ἡ
1259 1677 1329 1741 δὲ
1371 1677 1504 1740 κτλ.
1596 1675 1783 1760 Quae
1838 1676 1919 1741 ad
1978 1675 2407 1742 definiendam
2451 1697 2577 1740 ma-

373 1784 574 1846 teriae
620 1792 906 1844 naturam
952 1779 1198 1845 addidit
1242 1779 1460 1844 verba:
1505 1775 1548 1858 ἡ
1594 1774 1890 1865 ἄρχουσα
1937 1818 2018 1831 -
2050 1776 2454 1864 πράγματος,
2499 1802 2573 1845 ea

374 1883 713 1950 mutandae
760 1886 1220 1948 constructioni
1265 1882 1562 1948 videntur
1607 1887 2009 1948 occasionem
2055 1882 2329 1948 dedisse.

511 1989 721 2052 10:34⁶
760 1989 843 2051 21
892 1988 1146 2065 δῆλον
1194 2025 1272 2038 -
1321 1987 1409 2050 30
1455 1982 1899 2070 θερμότης.
1996 1987 2194 2070 Quod
2253 1996 2437 2050 antea
2496 1986 2578 2051 de

375 2092 568 2156 rebus
616 2089 1010 2154 naturalibus
1058 2090 1518 2155 demonstravit
1562 2085 1816 2173 (ὥσπερ
1862 2083 1946 2154 τὰ
1992 2086 2187 2178 φύσει
2224 2092 2388 2168 «23,
2432 2106 2576 2154 nam

375 2206 536 2282 part.
584 2189 799 2275 ὥσπερ
847 2197 1386 2279 comparationem
1431 2191 1646 2271 affert,
1691 2213 1823 2257 non
1870 2192 2234 2279 exemplum,
2280 2193 2454 2279 quod
2499 2196 2581 2258 si-

376 2297 665 2386 gnificari
701 2300 947 2383 putavit
976 2298 1184 2362 Schw.
1223 2301 1292 2362 in
1328 2300 1589 2382 interpr.
1629 2296 2023 2378 vernacula),
2067 2297 2415 2382 quamlibet
2445 2320 2579 2363 rem

377 2404 674 2490 generari
719 2421 798 2465 ex
841 2400 964 2464 alia
1009 2401 1288 2467 eiusdem
1336 2404 1606 2488 generis,
1652 2400 1730 2463 cf.
1778 2403 1838 2464 8.
1888 2403 2090 2465 10:331»
2128 2405 2231 2480 29,
2282 2402 2451 2466 idem
2498 2400 2579 2466 ad

376 2505 618 2592 reliqua
664 2508 1096 2593 generationis
1142 2527 1397 2595 genera,
1440 2499 1663 2568 πάντα
1695 2505 1848 2581 α22,
1893 2505 2302 2570 artificiosum
2349 2517 2411 2570 et
2454 2506 2581 2569 for-

379 2614 633 2686 tuitum,
689 2610 944 2675 extendi
1001 2609 1472 2696 quodammodo
1526 2608 1734 2673 docet.
1826 2610 2077 2674 Etenim
2123 2613 2191 2673 in
2235 2610 2332 2673 his
2379 2613 2581 2688 etiam,

381 2716 502 2778 nisi
547 2713 695 2798 quid
744 2736 862 2798 per
905 2715 1196 2785 accidens
1242 2715 1470 2778 factum
1522 2720 1633 2788 est,
1678 2712 1877 2777 veluti
1924 2717 1980 2778 si
2015 2712 2242 2779 domus
2280 2714 2443 2777 facta
2485 2721 2581 2777 est

381 2820 570 2882 noxia
617 2820 881 2904 cuipiam
921 2817 1026 2880 vel
1062 2816 1351 2894 salubris,
1393 2817 1543 2891 1225,
1592 2816 1668 2879 cf.
1721 2818 1785 2880 E
1820 2820 1881 2882 2.
1931 2820 2133 2883 10261)
2168 2822 2227 2894 6,
2273 2815 2584 2902 quidlibet

382 2923 788 3009 progignitur
833 2942 907 2985 ex
948 2943 1020 2985 re
1063 2922 1476 3007 cognomine3
1519 2918 1598 2983 fit
1640 2923 1804 2983 enim
1849 2913 1893 2999 ἢ
1934 2926 2005 2984 ἐκ
2048 2926 2285 3006 μέρους
2329 2913 2583 3003 ὁμωνύ-

380 3049 511 3109 μου
558 3062 672 3103 -,
716 3022 758 3103 ἡ
804 3018 933 3109 γὰρ
979 3029 1170 3108 τέχνη
1213 3016 1288 3087 τὸ
1338 3016 1507 3097 εἶδος
1547 3025 1713 3101 023,
1766 3024 1843 3087 cf.
1892 3028 1952 3088 7.
2001 3026 2202 3089 10:52⁶
2243 3024 2355 3086 122
2411 3025 2584 3105 γίνε-

384 3130 560 3193 σθαι
606 3165 685 3177 -
733 3124 855 3206 τὴν
900 3129 1114 3192 οὶκίαν
1158 3124 1228 3204 ἐξ
1273 3129 1509 3204 οἰκίας,
1566 3129 1685 3207 τῆς
1730 3121 1885 3193 ἄνευ
1927 3120 2085 3205 ὕλης
2128 3120 2248 3204 τὴν
2305 3127 2586 3209 ἔχουσαν

380 3226 561 3310 ὕλην.
656 3230 1030 3294 Aedificium
1092 3234 1257 3295 enim
1315 3229 1638 3294 materiale
1695 3230 1773 3295 fit
1833 3253 1906 3296 ex
1954 3230 2247 3295 aedificio
2307 3232 2584 3293 immate-

385 3334 553 3410 riali,
605 3332 685 3396 ab
731 3333 978 3397 artifice
1025 3337 1324 3420 cogitato.
1415 3333 1594 3395 Haec
1637 3332 1909 3397 aedificii
1952 3318 2327 3419 notiorpars
2369 3339 2590 3416 potest

387 3437 514 3502 dici
571 3435 873 3514 aedificii,
938 3440 1233 3522 quoniam
1291 3433 1597 3499 sensibile
1651 3434 2010 3503 aedificium
2070 3459 2145 3500 ex
2200 3440 2460 3499 materia
2522 3443 2589 3497 et

384 3542 590 3606 forma
635 3538 902 3618 coaluit,
949 3550 1014 3602 et
1060 3560 1136 3602 ea
1180 3536 1432 3623 quidem
1478 3559 1623 3623 pars
1666 3535 2028 3622 ὁμώνυμος.
2118 3540 2351 3604 Omnia
2395 3541 2590 3623 igitur

386 3643 563 3721 fiunt,
610 3647 710 3720 ait„
757 3635 802 3721 ἢ
846 3647 916 3706 ἐκ
959 3646 1195 3728 μέρους
1238 3636 1592 3725 ὁμωνύμου
1638 3679 1736 3719 -,
1781 3636 1825 3722 ἢ
1869 3647 1940 3706 ἐκ
1973 3647 2210 3726 μέρους
2245 3633 2291 3720 ἢ
2327 3636 2589 3725 ἔχοντός

385 3771 450 3812 τι
492 3750 693 3832 μέρος
733 3746 889 3808 024.
978 3746 1154 3808 Haec
1198 3748 1352 3830 quin
1399 3743 1611 3829 aliquo
1659 3743 2054 3810 librariorum
2103 3764 2322 3809 errore
2367 3743 2590 3830 depra-

387 3860 531 3915 vata
577 3853 705 3915 sint
750 3868 883 3912 non
930 3846 1186 3921 dubito;
1246 3847 1498 3911 videtur
1542 3852 1709 3912 enim
1755 3850 1904 3913 ferri
1946 3853 2051 3912 vix
2096 3869 2316 3935 posse,
2362 3857 2431 3911 ut
2477 3867 2590 3931 op-

388 3964 714 4040 ponantur
744 3955 912 4017 inter
947 3972 1016 4015 se
1051 3954 1248 4039 μέρος
1285 3948 1634 4035 ὁμώνυμον
1670 3963 1734 4019 et
1766 3958 1963 4037 μέρος
1992 3950 2375 4038 simpliciter,
2408 3971 2592 4036 prae·

387 4061 599 4122 sertim
647 4077 838 4143 quum
876 4054 1003 4119 boc
1041 4058 1228 4118 etiam
1264 4059 1462 4142 μέρος
1502 4056 1909 4145 cogitandum
1950 4078 2091 4122 esse
2129 4051 2478 4140 ὁμώνυμον
2514 4075 2592 4117 ex

389 4159 829 4248 superioribus
886 4157 1096 4222 verbis
1137 4161 1271 4223 022
1315 4171 1638 4251 appareat.
1736 4161 1889 4245 Quo
1947 4182 2137 4225 sensu
2195 4180 2336 4223 voc.
2392 4161 2591 4243 μέρος

391 4262 768 4329 bocaltero
813 4261 982 4340 loco,
1024 4263 1178 4340 024,
1225 4267 1650 4348 usurpaverit,
1695 4288 1768 4329 ex
1819 4264 2119 4350 exemplis
2166 4260 2399 4326 deinde
2443 4258 2597 4323 alla·

389 4372 468 4432 tis
515 4369 824 4456 cognosci
869 4366 971 4430 vel
1019 4365 1286 4430 divinari
1331 4378 1562 4451 potest.
1648 4370 1953 4433 Nimirum
2003 4389 2092 4444 ea,
2140 4384 2303 4451 quae
2344 4368 2411 4428 in
2456 4362 2591 4428 effi-

390 4471 614 4537 cienda
660 4473 943 4549 sanitate,
991 4480 1060 4536 ut
1089 4470 1447 4536 Aristotelis
1486 4473 1837 4558 exeinplum
1872 4484 2214 4548 teneamus,
2257 4471 2455 4553 ipsam
2496 4487 2591 4530 sa-
