3109 5175
1219 382 1295 454 B
1340 379 1411 455 4.
1494 376 1674 455 1001
1698 378 1762 453 b.
2449 378 2588 454 105

387 555 584 641 Phys.
618 555 647 619 1
674 554 737 635 2,
765 556 825 636 3,
853 556 916 623 8.
959 556 1233 623 Brandis
1265 558 1497 625 Gesch.
1526 558 1575 623 Ι.
1609 580 1670 645 p.
1700 557 1851 623 383.
1940 555 2016 620 In
2058 554 2327 620 eandem
2369 554 2594 622 incidi·

383 680 527 725 mus
570 663 1135 741 ratiocinationem,
1181 665 1235 726 si
1278 682 1471 727 unum
1514 660 1786 726 habetur
1825 681 1944 748 pro
1989 659 2367 736 substantia3
2420 659 2593 726 unde

386 768 556 829 enim
602 764 936 852 quidquam
979 777 1234 853 praeter
1276 766 1439 831 hanc
1481 766 1605 831 τοῦ
1628 759 1776 841 ἑνός
1804 761 2217 829 substantiam
2246 768 2452 850 repeti
2479 787 2594 851 pu-

386 881 621 947 temus,
667 891 854 956 quum
900 869 1148 955 quidvis
1191 868 1297 935 vel
1342 890 1535 935 unum
1582 872 1665 934 sit
1704 867 1810 933 vel
1852 867 2077 946 mlta,
2131 890 2209 933 ac
2246 868 2591 935 multitudo

383 976 524 1059 ipsa
568 977 875 1040 unitatum
920 978 1003 1040 sit
1044 973 1411 1053 multitudo,
1470 973 1775 1061 quidquid
1833 984 2045 1038 autem
2099 984 2353 1058 praeter
2395 994 2593 1038 unum

384 1080 486 1156 sit,
531 1077 596 1142 id
642 1100 776 1144 non
820 1101 1015 1144 unum
1062 1100 1203 1144 esse
1249 1089 1564 1165 oporteat.
1634 1078 1710 1143 cf.
1759 1080 1838 1144 N
1871 1079 1933 1143 2.
1984 1079 2211 1143 loson.

518 1184 724 1247 loolb
763 1186 801 1248 7
848 1185 967 1249 ἔτι
1010 1187 1080 1248 εὶ
1124 1220 1205 1235 -
1251 1184 1339 1249 25
1390 1183 1660 1263 δῆλον.
1747 1180 1852 1247 Ad
1899 1181 2288 1248 parmenidis
2342 1188 2595 1245 senten·

384 1290 535 1351 tiam
579 1284 771 1366 (οὐδὲ
816 1282 1146 1373 διαίρετόν
1189 1292 1364 1353 ἐστιν
1405 1287 1540 1351 κτλ.
1585 1308 1646 1351 ν.
1695 1289 1798 1353 77.
1846 1287 2101 1366 Karst.)
2142 1289 2198 1350 si
2241 1284 2595 1351 adiunxeri-

383 1413 523 1456 mus
567 1389 866 1478 placitum
914 1394 1194 1456 Zenonis
1239 1388 1555 1474 (ἀξίωμα,
1602 1391 1681 1455 cf.
1716 1392 1804 1456 M
1823 1392 1886 1455 2.
1921 1392 2130 1457 1077a
2160 1392 2305 1470 31),
2352 1392 2478 1476 qui,
2520 1389 2594 1453 li-

383 1506 490 1560 cet
517 1518 657 1561 cum
686 1494 1064 1561 Parmenide
1109 1505 1364 1560 secutus
1402 1494 1826 1559 ratiocinandi
1866 1497 2322 1573 necessitatem,
2367 1493 2592 1559 ductus

382 1611 598 1665 tamen
654 1599 821 1664 idem
878 1621 1178 1665 sensuum
1239 1598 1554 1663 evidentia
1613 1598 1683 1663 id
1740 1619 1881 1665 esse
1937 1602 2199 1663 omnino
2244 1601 2593 1686 negaverit,

384 1726 515 1791 quo
574 1726 781 1791 neque
839 1702 1057 1769 addito
1114 1707 1343 1780 maius,
1401 1723 1523 1768 nec
1580 1703 1796 1769 demto
1846 1706 2051 1768 minus
2097 1702 2435 1790 quidquam
2477 1700 2595 1765 fiat

385 1809 508 1888 (cf.
533 1808 752 1894 simpl.
785 1807 866 1874 ad
895 1808 1091 1895 Phys.
1122 1809 1165 1873 f.
1196 1811 1303 1874 21.
1351 1807 1623 1873 Brandis
1646 1807 1948 1875 Gesch.1.
1979 1831 2044 1895 p.
2076 1809 2207 1873 412
2220 1832 2282 1895 q.
2314 1808 2533 1872 41610.
2546 1808 2592 1886 ),

386 1916 572 1999 eique
616 1916 1114 1978 concesserimus
1157 1909 1235 1978 τὰ
1279 1913 1352 1977 ἓν
1392 1910 1771 1999 ἀδιαίρετον
1825 1934 1963 1977 eam
2006 1911 2242 1976 hahere
2288 1920 2592 1989 naturam,

383 2030 459 2083 ut
502 2039 713 2103 neque
756 2015 1055 2082 addendo
1095 2038 1218 2081 nec
1257 2014 1574 2082 demendo
1611 2015 2107 2105 magnitudinem
2138 2013 2332 2079 ullam
2376 2017 2593 2078 immu-

387 2132 504 2187 tet:
541 2121 694 2189 inde
730 2142 1129 2208 consequens
1161 2123 1297 2198 erit,
1333 2130 1404 2184 ut
1435 2140 1646 2206 neque
1677 2124 1879 2207 ipsum
1914 2119 2074 2185 illud
2110 2119 2181 2185 ἓν
2214 2117 2623 2202 ἀδιαίρετον.

384 2246 456 2290 re
499 2246 576 2290 ac
615 2228 884 2290 veritate
927 2228 1028 2289 sit.
1107 2222 1238 2288 Sed
1281 2245 1653 2311 quamquam
1700 2246 1832 2290 non
1880 2236 1979 2289 est
2021 2246 2133 2289 cur
2174 2225 2591 2288 assentiamur

384 2330 534 2395 huic
562 2332 1092 2417 argumentationi
1123 2329 1266 2395 rudi
1296 2331 1651 2417 (φορτικῶς
1673 2331 1820 2407 614,
1851 2330 1929 2393 ef.
1960 2329 2041 2393 ad
2075 2330 2144 2393 A
2172 2331 2237 2395 5.
2264 2328 2427 2392 9861>
2454 2328 2589 2406 27),

386 2455 550 2520 quae
579 2432 768 2497 facile
797 2436 1001 2519 possit
1031 2437 1244 2512 everti,
1276 2434 1476 2498 nihilo
1508 2446 1717 2499 tamen
1748 2436 1952 2499 minus
1983 2445 2048 2498 et
2075 2431 2249 2519 quod
2266 2433 2590 2519 Pythago·

383 2541 479 2604 rei
523 2549 590 2605 et
633 2537 805 2625 quod
839 2538 1020 2604 Plato
1067 2561 1139 2605 ex
1168 2539 1284 2606 illo
1313 2540 1434 2606 τοῦ
1458 2534 1609 2617 ἑνός
1636 2542 1946 2626 principio
1979 2536 2377 2603 deduxerunt
2407 2533 2591 2601 dubi-

385 2646 692 2709 tationem
738 2655 971 2708 movet.
1060 2644 1163 2709 Illi
1208 2648 1376 2710 enim
1419 2665 1553 2708 non
1600 2655 1907 2730 poterunt
1950 2641 2293 2730 explicare,
2350 2642 2457 2726 qui
2507 2642 2589 2704 sit

390 2770 426 2812 a
471 2751 743 2813 numeris
788 2746 867 2812 ad
910 2747 1374 2836 magnitudines
1411 2760 1700 2813 extensas
1740 2748 1891 2814 inde
1925 2747 2238 2813 derivatas
2271 2745 2588 2824 transitus,

387 2853 741 2931 ⁶17—19,
783 2851 863 2916 cf.
906 2853 1097 2939 Phys.
1144 2854 1238 2917 VI
1284 2855 1341 2917 1.
1387 2853 1557 2917 2311:
1594 2853 1681 2917 24
1729 2863 1793 2918 et
1837 2851 1917 2916 ad
1961 2854 2038 2917 A
2082 2854 2183 2916 lo.
2232 2852 2432 2915 1075⁶
2468 2849 2587 2924 293

384 2956 571 3022 Plato
618 2977 773 3022 vero
819 2957 991 3044 quod
1032 2979 1226 3028 unum
1263 2966 1329 3020 et
1365 2955 1675 3022 diversam
1714 2955 1794 3021 ab
1833 2975 1965 3022 uno
2002 2954 2397 3021 indefinitam
2433 2951 2589 3037 dya-

385 3059 483 3125 dis
521 3073 805 3125 naturam
842 3065 1151 3148 principia
1190 3065 1407 3148 posuit
1444 3070 1510 3125 et
1542 3081 1944 3126 numerorum
1981 3069 2046 3124 et
2071 3057 2588 3148 magnitudinum,

383 3165 712 3251 quomodo
759 3188 834 3231 ex
876 3165 1098 3231 iisdem
1142 3166 1424 3231 fontibus
1469 3187 1726 3229 manare
1770 3175 2027 3231 censeat
2071 3164 2321 3229 diversa
2366 3173 2431 3227 et
2473 3183 2588 3226 nu-

383 3289 704 3333 merorum
737 3281 801 3335 et
831 3281 1222 3336 extensarum
1251 3269 1756 3358 magnitudinum
1789 3291 2044 3358 genera,
2077 3271 2314 3355 pariter
2346 3277 2446 3332 est
2473 3265 2587 3331 du·

383 3371 575 3450 bium,
607 3373 956 3454 blo—25,
988 3376 1066 3439 cf.
1097 3374 1178 3440 ad
1206 3376 1294 3440 M
1315 3378 1377 3439 9.
1412 3374 1620 3450 108502
1647 3377 1684 3440 7
1716 3396 1851 3459 sqq.
1896 3375 2055 3440 N3.
2089 3373 2290 3439 1⁰9&
2313 3372 2397 3437 21
2423 3392 2555 3456 sqq.

523 3479 723 3542 lomb
760 3479 843 3544 13
889 3476 1062 3543 ἀλλ’
1102 3472 1380 3558 ἐπειδὴ
1425 3467 1665 3554 οὗτος
1707 3478 1842 3542 κτλ..
1926 3476 2246 3563 Apodosis
2294 3479 2588 3541 enuncia·

383 3583 580 3646 tionis
620 3582 980 3668 incipienda
1028 3594 1125 3648 est
1168 3606 1203 3647 a
1246 3582 1460 3648 verbis
1505 3578 1678 3646 ἀλλὰ
1719 3584 1856 3656 πῶς
1898 3574 1981 3661 δὴ
2026 3577 2096 3659 ἐξ
2136 3581 2269 3644 κτλ.
2342 3581 2585 3644 Exorsa

385 3689 679 3751 nimirum
728 3699 824 3751 est
867 3691 1171 3773 protasis,
1229 3692 1407 3774 quasi
1449 3690 1513 3751 in
1560 3684 1832 3771 apodosi
1875 3685 2156 3750 dicturus
2201 3696 2393 3749 esset:
2432 3685 2586 3748 τοῦ·

385 3811 507 3856 τον
548 3793 668 3874 μὲν
710 3794 967 3868 ἐατέον,
1013 3787 1116 3855 ὅτι
1160 3793 1484 3876 ἐνδέχεται
1527 3785 1904 3878 ἀδιαίρετόν
1946 3813 2010 3854 τι
2050 3786 2218 3854 εἶναι
2259 3789 2393 3853 κτλ.
2406 3836 2423 3867 ,
2481 3790 2585 3852 cui

387 3892 623 3958 deinde
670 3905 1130 3980 opponeretur:
1190 3889 1362 3960 ἀλλὰ
1403 3898 1540 3973 πῶς
1585 3891 1667 3975 δὴ
1710 3896 1844 3961 κτλ.
1888 3897 1930 3958 i.
1965 3915 2018 3958 e.
2063 3892 2179 3958 sed
2221 3892 2586 3957 Platonico-

387 4019 523 4064 rum
583 4011 648 4063 et
703 3999 1253 4088 Pythagoreorum
1315 3999 1515 4065 nihilo
1574 4004 1779 4066 secius
1838 4013 1936 4064 est
1986 4001 2303 4063 sententia
2360 4000 2584 4061 exami-

385 4102 617 4167 nanda.
709 4103 836 4169 Sed
898 4108 1194 4189 quoniam
1254 4125 1415 4189 quae
1468 4108 1530 4169 in
1589 4104 1857 4191 apodosi
1917 4113 2098 4167 erant
2149 4101 2415 4167 dicenda
2462 4104 2583 4165 iam

389 4208 457 4271 in
501 4210 788 4293 protasin
836 4207 1129 4286 adscivit,
1185 4230 1301 4294 per
1349 4208 1724 4272 brevitatem
1771 4207 2082 4294 quandam
2128 4206 2381 4272 dicendi
2423 4203 2583 4272 illud

387 4313 590 4398 ipsum
638 4308 812 4376 ἀλλὰ
854 4313 992 4388 πῶς
1036 4306 1118 4393 δὴ
1161 4315 1295 4376 κτλ.
1342 4311 1647 4399 apodosis
1693 4311 1841 4377 loco
1887 4314 2119 4398 posuit.

523 4417 727 4482 lomb
765 4418 852 4484 23
897 4413 1119 4503 εἴπερ
1164 4411 1254 4481 τὸ
1297 4411 1402 4500 μὴ
1449 4418 1530 4482 ἓν
1572 4414 1616 4496 ἡ
1662 4413 2057 4495 ἀνισότης
2111 4417 2242 4479 καὶ
2291 4412 2335 4494 ἡ
2381 4407 2580 4494 αὐτὴ

389 4516 633 4609 φύσις
678 4510 790 4602 ἦν.
862 4520 1177 4611 Schwegl.
1224 4521 1306 4586 ad
1343 4522 1401 4587 h.
1440 4520 1486 4586 l.
1531 4519 1705 4607 quod
1744 4519 1825 4586 ad
1862 4544 1922 4585 ν.
1962 4517 2005 4599 ἡ
2043 4516 2209 4599 αὐτὴ
2243 4514 2438 4610 φύσις
2474 4537 2582 4582 co-
