3109 5175
1159 380 1234 448 Z
1280 375 1391 449 ll.
1475 376 1663 451 1036
1680 377 1743 451 b.
1776 313 1781 320 ι
2408 383 2551 458 339

1236 603 1464 679 CAP.
1527 604 1661 679 XI.

486 745 848 823 Quaen-ilar
890 767 1059 833 quae
1099 747 1232 812 siat
1265 758 1498 832 parles
1519 747 1800 834 formae
1842 758 1905 814 el
1951 772 2118 836 quae
2149 752 2252 815 rei
2288 774 2549 817 concre-

346 859 476 930 tae,
522 872 603 915 oc
633 849 919 934 proinde
962 872 1129 935 quoe
1170 853 1306 916 sint
1347 851 1752 917 adhibendae
1792 852 1886 916 ad
1918 875 2056 917 rem
2091 854 2548 943 definiendam,

346 976 517 1040 quoe
551 976 704 1033 non,
753 953 965 1018 10:36⁶
999 954 1413 1019 26—1037a
1455 957 1538 1020 10
1548 980 1576 1036 ς
1619 979 1788 1041 quoe
1818 965 2166 1041 praeterea
2200 956 2325 1023 leuc
2358 959 2441 1023 de
2475 983 2551 1024 re

344 1056 810 1141 investiganda
851 1059 986 1121 sint
1028 1059 1370 1146 signficat
1414 1095 1494 1110 —
1539 1061 1704 1140 ⁶20,
1763 1068 1825 1124 et
1882 1082 2050 1145 quoe
2101 1058 2427 1148 hucusque
2468 1063 2552 1127 de

344 1170 588 1226 aalma
636 1161 758 1224 τοῦ
800 1161 866 1223 τί
916 1148 1000 1239 ἦν
1049 1157 1216 1225 εἶναι
1263 1185 1540 1228 excussa
1584 1173 1735 1228 sunt
1781 1163 2224 1247 complectitur
2268 1203 2357 1214 —
2399 1166 2504 1231 ⁶7.

480 1279 859 1345 Aristoteles
918 1292 988 1346 ut
1045 1286 1391 1348 constituat
1448 1306 1611 1370 quae
1664 1293 1876 1372 partes
1932 1287 2028 1348 rei
2084 1284 2167 1349 ad
2221 1290 2550 1351 notionem

347 1383 774 1450 definiendam
821 1384 1267 1462 adhibeantur,
1325 1409 1486 1472 quae
1530 1409 1691 1462 non,
1739 1397 1952 1472 partes
1998 1387 2237 1452 formae
2284 1411 2318 1452 a
2362 1393 2551 1475 parti·

345 1487 470 1553 bus
504 1490 804 1552 materiae
842 1509 1030 1573 supra
1072 1486 1371 1568 distinxit,
1416 1513 1550 1577 cap.
1584 1491 1697 1564 lo;
1743 1490 1861 1553 hac
1896 1502 2105 1555 autem
2146 1490 2552 1557 distinctione

347 1613 538 1677 quum
584 1593 874 1676 quaestio
921 1601 1150 1674 coepta
1196 1595 1281 1656 sit
1324 1593 1556 1672 dirimi,
1616 1592 1898 1657 nondum
1956 1615 2218 1678 prorsus
2273 1592 2552 1674 diremta,

345 1693 462 1759 sed
509 1696 869 1758 etiamnunc
909 1694 1339 1779 quaerendum
1376 1700 1474 1776 sit,
1518 1717 1685 1782 quae
1726 1699 1922 1783 igitur
1951 1696 2220 1784 singulis
2252 1701 2318 1760 in
2359 1696 2552 1787 rebus

347 1807 562 1885 partes
607 1796 689 1860 ad
736 1796 1000 1860 formam
1046 1798 1422 1864 referendae
1466 1803 1619 1879 sint,
1664 1820 1828 1886 quae
1871 1798 1952 1863 ad
1997 1804 2344 1876 materiam,
2391 1802 2555 1865 hanc

349 1903 787 1986 quaestionem
818 1899 1073 1964 solvere
1104 1922 1274 1966 nunc
1302 1906 1568 1989 suscipit
1600 1905 1770 1968 226:
1803 1912 1965 1966 ποῖα
1997 1904 2121 1967 τοῦ
2152 1901 2360 1982 εἴδους
2387 1907 2553 1988 μέρη
2656 1889 2669 1898 ”

347 2005 460 2068 καὶ
503 2013 668 2068 ποῖα
714 1998 821 2078 οὔ,
880 1997 1052 2067 ἀλλά
1112 2007 1231 2069 τοῦ
1284 2006 1825 2088 συνειλημμένου,
1882 2007 1922 2067 i.
1962 2026 2017 2069 e.
2063 2006 2184 2069 τοῦ
2226 2007 2556 2070 συνθέτου
2640 2051 2646 2059 ·

348 2111 485 2171 sive
528 2107 650 2171 τοῦ
692 2101 1004 2185 συνόλου,
1063 2107 1141 2170 cf.
1189 2106 1270 2172 ad
1314 2108 1383 2171 E
1415 2112 1475 2173 1.
1521 2110 1724 2174 1025b
1759 2109 1864 2171 32.
1956 2107 2205 2171 Etenim
2257 2111 2553 2193 quoniam

351 2209 654 2275 definitur
682 2209 1039 2273 universale
1071 2214 1100 2290 (
1115 2209 1192 2274 cf.
1224 2212 1295 2275 A
1325 2214 1390 2276 6.
1416 2214 1578 2278 987⁶
1603 2215 1664 2278 3.
1712 2212 1832 2276 An.
1863 2219 2032 2295 post.
2063 2211 2122 2275 11
2154 2213 2258 2275 13.
2289 2213 2408 2276 9711
2429 2214 2556 2291 26)

352 2323 415 2377 et
452 2312 655 2378 forma
691 2317 800 2390 rei,
845 2324 973 2378 tum
1014 2313 1260 2379 demum
1294 2315 1587 2379 definitio
1618 2325 1792 2379 recte
1820 2325 2038 2399 potest
2062 2317 2320 2392 institui,
2366 2336 2555 2400 quum

349 2417 511 2481 baec
565 2419 853 2501 quaestio
910 2416 1119 2482 soluta
1176 2422 1313 2483 erit.
1404 2420 1489 2483 Et
1543 2418 1610 2484 id
1665 2416 1915 2503 quidem
1962 2418 2145 2483 facile
2191 2428 2288 2482 est
2332 2416 2559 2481 diiudi-

352 2541 526 2598 care,
583 2518 695 2584 ubi
754 2518 973 2584 eadem
1032 2520 1235 2587 forma
1291 2523 1359 2584 in
1407 2521 1674 2588 diversis
1717 2526 1886 2587 inter
1928 2543 1999 2587 se
2042 2523 2314 2585 materiis
2360 2524 2562 2585 cerni-

353 2635 483 2702 tur,
541 2626 629 2689 ita
685 2634 761 2690 ut
814 2625 1055 2690 formae
1115 2628 1322 2689 unitas
1382 2635 1447 2689 et
1497 2625 1793 2690 identitas
1838 2647 1955 2711 per
1997 2647 2066 2689 se
2112 2647 2149 2689 a
2194 2624 2559 2690 diversitate

350 2730 651 2792 materiae
698 2728 1138 2817 distinguatur.
1223 2727 1511 2793 Difficile
1569 2750 1725 2793 vero
1782 2728 1950 2793 idem
2009 2741 2109 2793 est
2164 2727 2559 2815 dignoscere,

352 2834 409 2896 si
455 2853 576 2917 qua
621 2831 851 2911 forma,
899 2832 1096 2897 veluti
1140 2836 1387 2917 species
1428 2832 1723 2909 humana,
1768 2853 1902 2895 non
1948 2835 2012 2896 in
2059 2830 2324 2895 diversis
2370 2841 2562 2895 mate-

351 2938 485 3001 riae
528 2936 888 3023 generibus,
932 2934 1046 2999 sed
1092 2938 1157 2999 in
1206 2933 1427 2998 eadem
1472 2933 1707 3020 ubique
1752 2938 2027 3011 materia,
2075 2931 2366 2997 carnibus
2407 2936 2563 2998 ossi·
2604 2924 2611 2929 ’

353 3038 474 3104 bus
519 3038 650 3114 rel„
702 3040 999 3102 cernitur.
1081 3037 1259 3102 Nihil
1308 3040 1472 3101 enim
1518 3036 1815 3123 impedit,
1860 3040 2196 3123 quominus
2241 3039 2425 3100 etiam
2472 3038 2565 3100 sic

354 3139 592 3227 aliquid
636 3140 908 3206 alienum
954 3162 989 3204 a
1035 3141 1237 3205 forma
1282 3144 1470 3205 unice
1513 3144 1814 3206 materiae
1858 3144 1942 3206 sit
1984 3137 2402 3218 tribuendum,
2446 3137 2564 3202 sed

355 3253 623 3332 propter
653 3246 1122 3309 coniunctionis
1151 3245 1450 3307 materiae
1480 3266 1621 3308 cum
1655 3244 1854 3309 forma
1884 3246 2370 3330 perpetuitatem
2394 3240 2565 3306 haud

354 3347 544 3413 facile
589 3348 852 3412 alterum
901 3345 980 3410 ab
1028 3346 1231 3411 altero
1276 3348 1591 3433 seiungas.

491 3451 592 3516 Ab
640 3452 761 3515 hac
805 3447 1297 3537 distinguendae
1342 3470 1378 3512 a
1424 3451 1685 3512 materia
1743 3449 1985 3513 formae
2044 3447 2418 3512 difficultate
2466 3424 2564 3510 ex-

358 3564 504 3618 orta
546 3575 686 3617 esse
725 3553 880 3617 dicit
909 3557 993 3619 ⁶7
1033 3553 1462 3640 Pythagorica
1498 3550 1803 3638 quaedam
1845 3551 2093 3637 placita.
2161 3550 2358 3614 Sicuti
2398 3551 2563 3613 enim

356 3661 424 3723 in
469 3657 849 3737 hominibus,
894 3678 1266 3743 quamquam
1312 3658 1358 3719 ii
1405 3658 1623 3739 utique
1665 3655 1961 3721 carnibus
2000 3665 2065 3719 et
2100 3653 2348 3718 ossibus
2390 3653 2567 3737 quasi

356 3764 574 3826 vestiti
619 3763 1113 3847 conspiciuntur,
1161 3780 1384 3833 carnes
1429 3768 1641 3823 tamen
1687 3769 1753 3823 et
1796 3779 1942 3823 ossa
1984 3760 2283 3823 materiae
2328 3766 2567 3820 tantum

360 3863 574 3930 locum
622 3863 932 3943 obtinent,
975 3867 1066 3928 ita
1110 3863 1533 3949 Pythagoreis
1579 3865 1646 3926 in
1693 3861 1932 3928 circulo
1979 3858 2301 3948 triangulo
2348 3857 2445 3935 aL,
2495 3857 2570 3922 li·-

362 3979 465 4033 cet
509 3989 761 4054 semper
804 3970 1236 4032 extensionem
1282 3965 1595 4052 quandam
1642 3964 1920 4029 habeant
1962 3974 2028 4029 et
2071 3986 2145 4028 ex
2193 3962 2373 4028 lineis
2418 3982 2571 4026 con-

360 4081 549 4149 stent,
595 4070 757 4135 haec
803 4070 881 4135 ad
926 4074 1248 4135 materiam
1295 4068 1645 4145 referenda,
1690 4072 1825 4154 ipsa
1872 4071 2055 4133 notio
2102 4078 2169 4132 et
2211 4067 2414 4131 sonna
2453 4087 2569 4130 nu-

359 4177 550 4239 meris
588 4173 954 4239 definienda
991 4173 1260 4239 videtur.
1326 4174 1676 4257 (γραμμῆς
1718 4164 1834 4236 τὸν
1879 4167 2079 4253 λόγον
2121 4164 2241 4235 τὸν
2282 4171 2411 4234 τῶν
2452 4162 2570 4232 δύο

363 4274 533 4343 εἶναί
577 4300 650 4367 φ.
691 4280 838 4358 ὺ13,
885 4278 962 4342 cf.
1004 4277 1217 4342 Zeller
1250 4276 1362 4341 Ph.
1410 4275 1471 4341 d.
1506 4275 1622 4341 Gr.
1667 4276 1717 4339 Ῑ.
1763 4298 1824 4360 p.
1861 4277 2046 4352 112.)
2128 4275 2303 4336 Haec
2347 4272 2568 4355 opinio

361 4391 721 4467 propagata
780 4379 1016 4447 deinde
1069 4391 1167 4445 est
1209 4379 1289 4444 ad
1335 4379 1706 4444 Platonicos
1752 4380 1921 4457 (τῶν
1965 4372 2086 4451 τὰς
2128 4375 2304 4450 ἰδέας
2347 4367 2573 4455 λεγόν-

360 4505 494 4549 των
527 4485 700 4564 ὸ13)
738 4506 1006 4571 quorum
1042 4483 1150 4549 alii
1179 4506 1319 4550 cum
1349 4483 1777 4570 Pythagoreis
1805 4482 1869 4543 in
1903 4478 2206 4544 dualitate
2245 4475 2366 4557 (cf.
2401 4476 2488 4539 M
2509 4476 2571 4540 8.

2062 4586 2130 4637 22
2150 4582 2171 4606 ⁶
