3109 5175
613 352 759 428 318
1450 354 1524 425 Ζ
1567 350 1636 422 6.
1722 348 1985 423 103Ιὸ.

616 539 681 594 et
725 529 936 593 omnia
980 531 1263 592 seiuncta
1313 548 1452 592 esse
1498 536 1718 592 censet
1762 547 1894 592 non
1935 524 2129 592 modo
2175 525 2254 590 ab
2295 528 2370 589 iis
2410 524 2623 604 rebus,
2670 548 2818 613 qua·

612 655 749 698 rum
807 634 1176 697 contineant
1229 633 1561 697 notionem
1622 641 1687 696 et
1742 639 2058 708 naturam,
2116 629 2231 696 sed
2290 633 2479 696 etiam
2534 631 2617 696 ab
2664 634 2817 696 exsi-

612 739 860 802 stentia.

743 842 928 904 Hanc
971 840 1518 904 ratiocinationem
1564 842 1650 905 ita
1697 843 2097 926 persequitur
2141 849 2214 905 ut
2256 837 2338 904 ab
2382 839 2670 905 idearum
2708 841 2819 925 by-

611 945 864 1031 potbesi
907 942 1365 1030 proficiscatur,
1410 944 1530 1009 bae
1578 947 1743 1009 enim
1787 944 2083 1031 profecto
2129 955 2461 1030 ponuntur
2502 954 2818 1029 tamquam

609 1058 878 1113 naturae
946 1046 1253 1133 quaedam
1322 1058 1388 1111 et
1446 1047 1837 1113 substantiae
1898 1069 2064 1134 quae
2125 1069 2243 1134 per
2298 1069 2368 1111 se
2426 1052 2555 1112 sint
2610 1068 2818 1134 neque

610 1149 868 1216 aliunde
901 1150 1226 1237 pendeant
1265 1153 1633 1226 229—313
1680 1151 1972 1217 confecta
2018 1161 2226 1217 autem
2267 1153 2817 1239 argumentatione

587 1247 845 1332 monet,
902 1257 1038 1319 eius
1080 1258 1207 1318 vim
1253 1276 1331 1318 ac
1371 1257 1698 1318 veritatem
1743 1276 1878 1319 nou
1924 1276 2065 1321 esse
2110 1255 2261 1320 inde
2304 1275 2704 1341 suspensam,
2747 1264 2818 1319 ut

611 1358 795 1423 ideae
838 1368 1174 1445 ponantur,
1219 1356 1335 1423 sed
1380 1369 1452 1422 ut
1489 1361 1751 1423 omniuo
1790 1371 2071 1445 ponatur
2107 1360 2445 1446 quidpiam,
2490 1355 2665 1445 quod
2705 1379 2817 1446 per

610 1484 682 1528 se
729 1484 868 1527 esse
907 1460 1151 1528 dicatur
1184 1482 1396 1547 neque
1428 1461 1868 1527 tantummodo
1904 1463 2168 1529 relatum
2207 1463 2285 1528 ad
2324 1463 2515 1542 aliud,
2560 1457 2692 1528 ὅσα
2724 1455 2816 1545 μὴ

609 1563 754 1632 κατ’
793 1560 957 1630 ἄλλο
1001 1567 1257 1649 λέγεται
1297 1567 1431 1630 κτλ.
1473 1567 1622 1630 ⁶13.
1711 1565 1843 1631 Sed
1888 1572 2206 1655 quoniam,
2258 1578 2328 1634 ut
2382 1578 2480 1632 est
2522 1566 2601 1629 ab
2649 1565 2816 1631 idea-

609 1692 750 1737 rum
795 1670 1140 1756 hypothesi
1182 1667 1535 1755 profectus,
1595 1690 1873 1735 errorem
1930 1673 1999 1736 in
2045 1671 2332 1737 doctrina
2377 1670 2666 1735 Platonis
2711 1668 2816 1734 de-

609 1777 1002 1852 monstravit,
1046 1775 1439 1860 seiungeutis
1482 1775 1775 1837 nimirum
1821 1773 1996 1838 ideas
2036 1798 2069 1838 a
2107 1775 2317 1853 rebu8‚
2361 1772 2536 1840 aliud
2579 1775 2815 1850 vitium,

610 1881 676 1943 in
723 1876 897 1965 quod
940 1898 1058 1962 per
1102 1876 1368 1942 eandem
1413 1876 1494 1942 de
1537 1876 1700 1942 ideis
1745 1876 2093 1943 doctrinam
2136 1878 2325 1943 Plato
2368 1882 2665 1956 incurrat,
2711 1875 2815 1941 ad-

608 1985 817 2071 iungit
856 1982 1013 2047 ⁶15:
1073 1975 1214 2065 ἅμα
1270 1982 1339 2045 δὲ
1396 1981 1602 2061 δῆλον
1649 2017 1730 2032 -
1781 1983 1865 2046 18
1917 1976 2086 2046 κατὰ
2142 1978 2436 2067 μέθεξιν.
2526 1979 2718 2047 ldeae
2760 1983 2814 2045 si

610 2098 758 2153 sunt
801 2086 1223 2163 substantiae,
1281 2082 1665 2149 substratum
1722 2083 1881 2149 illud
1937 2088 2006 2148 in
2063 2106 2193 2171 quo
2245 2093 2590 2150 cernuntur
2631 2082 2814 2149 ideae

613 2228 695 2243 —
736 2199 1081 2254 cernuntur
1122 2199 1330 2254 autem
1372 2191 1439 2252 in
1472 2187 1662 2254 rebus
1700 2188 2104 2254 sensibilibus
2137 2227 2221 2240 —
2251 2209 2385 2255 non
2421 2197 2638 2276 potest
2676 2209 2814 2252 esse

610 2293 994 2367 substantia;
1039 2313 1182 2356 nam
1227 2294 1523 2378 quoniam
1571 2290 1639 2355 id
1677 2291 1851 2377 quod
1889 2292 2289 2378 praedicatur
2326 2292 2408 2357 de
2447 2291 2664 2378 aliquo
2703 2297 2816 2372 (ac

609 2397 1060 2486 praedicantur
1113 2394 1368 2482 quidem
1422 2395 1609 2460 ideae
1666 2394 1747 2460 de
1796 2395 1989 2461 rebus
2033 2396 2487 2479 sensibilibus)
2534 2408 2657 2462 est
2698 2417 2817 2483 per

608 2503 1158 2590 participationem
1219 2501 1355 2562 eius
1410 2496 1494 2563 de
1552 2521 1681 2585 quo
1734 2500 2163 2587 praedicatur,
2219 2501 2371 2566 inde
2415 2521 2813 2587 consequeus

612 2617 795 2685 esset,
840 2615 914 2670 ut
952 2605 1142 2670 ideae
1187 2613 1400 2669 essent
1433 2625 1550 2689 per
1586 2608 2133 2692 participationem
2173 2628 2379 2672 rerum
2420 2605 2812 2671 sensibilium

610 2731 820 2795 neque
863 2711 1045 2794 ipsae
1087 2728 1203 2792 per
1246 2727 1336 2772 se.
1430 2699 1513 2773 At
1557 2731 1747 2795 quum
1797 2711 1979 2775 Plato
2038 2711 2225 2776 rebus
2270 2708 2676 2775 sensibilibus
2722 2730 2815 2774 es-

610 2816 877 2878 sentiam
921 2812 1203 2877 tribuere
1246 2832 1382 2876 non
1425 2812 1742 2878 induxerit
1783 2817 2084 2893 animum,
2142 2813 2521 2880 Aristoteles
2578 2818 2647 2878 in
2699 2815 2816 2878 hac

611 2916 1157 2982 demonstratione
1186 2915 1557 2981 Platonicae
1588 2916 1918 2983 doctrinae
1952 2918 2287 2984 manifesto
2318 2940 2431 2984 sua
2462 2920 2662 3004 ipsius
2705 2921 2814 2982 im-

609 3023 861 3086 miscuit
903 3019 1152 3106 placita,
1196 3020 1275 3084 cf.
1323 3019 1405 3084 ad
1449 3021 1521 3083 A
1564 3024 1627 3085 6.
1673 3022 1835 3085 98Ίὸ
1878 3023 1979 3085 14.

739 3125 855 3187 His
899 3127 1097 3211 igitur
1141 3145 1216 3187 ex
1260 3126 1465 3188 causis
1506 3122 1674 3188 idem
1720 3145 1839 3208 per
1876 3145 1947 3189 se
1986 3134 2137 3190 sunt
2174 3125 2563 3191 substantiae
2602 3128 2813 3214 singu-

608 3227 713 3292 lae
753 3248 1091 3313 earumque
1128 3220 1212 3291 τά
1256 3250 1385 3306 τηε,
1424 3228 1779 3305 fils—sm
1825 3229 2070 3295 accedit
2114 3229 2287 3317 quod
2333 3229 2581 3318 singula
2626 3250 2814 3315 quae-

610 3352 736 3418 que
791 3342 921 3396 tum
980 3331 1268 3396 videmur
1322 3334 1513 3410 scire,
1572 3353 1761 3417 quum
1820 3333 1972 3419 quid
2022 3337 2106 3398 sit
2148 3354 2367 3399 eorum
2412 3336 2476 3398 τί
2518 3321 2604 3414 ἦν
2649 3327 2813 3399 εἶναι

610 3439 1028 3522 cognovimus
1073 3437 1193 3515 (cf.
1239 3435 1306 3500 B
1349 3436 1410 3502 3.
1456 3437 1619 3501 998⁶
1659 3438 1728 3502 7:
1786 3443 1842 3502 sl
1896 3440 2034 3502 ἔστι
2088 3432 2209 3517 τὴν
2267 3441 2395 3503 τῶν
2440 3430 2651 3502 ὄντων
2693 3438 2811 3500 λα-

605 3538 754 3623 βεῖν
809 3537 1173 3624 ἐπιστήμην
1227 3536 1305 3604 τὸ
1362 3542 1492 3604 τῶν
1550 3541 1739 3607 εἰδῶν
1793 3542 2025 3624 λαβεῖν
2079 3536 2246 3605 καθ’
2291 3535 2336 3604 ἃ
2385 3541 2688 3623 λέγονται
2728 3533 2811 3604 τὰ

610 3635 834 3724 ὄντα),
879 3639 1070 3723 ὥστε,
1116 3648 1204 3708 ait
1241 3646 1387 3721 ⁶21,
1433 3637 1605 3708 κατὰ
1649 3637 1771 3723 τὴν
1816 3645 2163 3709 ἔκθεσιν
2206 3639 2460 3727 ἀνάγκη
2507 3648 2576 3709 ἔν
2617 3665 2681 3708 τι
2727 3639 2812 3708 εἶ-

607 3766 720 3810 ναι
765 3740 986 3837 ἄμφω.
1059 3747 1418 3813 Alexander
1445 3771 1509 3833 p.
1542 3749 1689 3825 451,
1722 3749 1807 3811 12
1850 3747 2117 3813 ἔκθεσιν
2160 3747 2328 3812 idem
2374 3767 2516 3812 esse
2552 3745 2690 3811 vult
2727 3757 2813 3829 at-

609 3871 735 3935 que
779 3847 1153 3935 ὲπαγωγήν,
1212 3851 1327 3918 sed
1371 3873 1579 3938 neque
1626 3850 1776 3915 alibi
1820 3847 1986 3936 apud
2033 3850 2469 3929 Aristotelem,
2513 3860 2812 3936 quantum

597 3956 879 4032 memini,
926 3955 1044 4019 hac
1087 3959 1357 4021 notione
1403 3956 1666 4031 ἕκθεσις
1705 3955 1950 4043 legitur,
1995 3975 2207 4041 neque
2242 3977 2400 4020 vero
2436 3954 2812 4020 inductione

608 4056 689 4122 ad
746 4058 910 4122 hanc
965 4081 1097 4123 rem
1155 4057 1714 4124 demonstrandam
1761 4059 1868 4123 Ar.
1930 4080 2081 4124 usus
2141 4070 2255 4124 est.
2345 4058 2625 4124 Dubiam
2675 4079 2811 4123 esse

608 4161 668 4224 h.
701 4159 741 4223 l.
788 4165 1061 4227 nominis
1107 4163 1369 4238 ἕκθεσις
1410 4166 1536 4227 vim
1579 4174 1643 4226 et
1682 4161 2042 4248 discrepare
2079 4164 2283 4229 videri
2323 4185 2358 4228 a
2394 4159 2645 4251 vulgari
2679 4164 2813 4228 Ari·

481 4296 496 4302 ·
608 4264 854 4330 stotelis
901 4289 1017 4331 usu
1065 4264 1188 4345 (de
1233 4286 1361 4350 quo
1408 4267 1486 4330 cf.
1534 4265 1616 4330 ad
1652 4267 1724 4331 A
1753 4269 1813 4332 9.
1854 4268 2017 4333 992⁶
2051 4270 2192 4349 10),
2239 4289 2373 4333 non
2419 4267 2680 4345 infitior,
2726 4279 2813 4332 ta-

609 4389 756 4433 men
802 4368 968 4433 haud
1013 4371 1149 4433 scio
1196 4389 1277 4432 an
1324 4390 1464 4434 cum
1511 4390 1592 4434 eo
1637 4374 1841 4457 possit
1887 4371 2229 4436 conciliari.
2324 4374 2573 4436 Etenim
2620 4372 2811 4436 ἐκθέ-

608 4471 784 4535 σθαι
831 4482 928 4535 est
971 4471 1208 4556 aliquid
1253 4474 1341 4536 ita
1380 4494 1669 4539 exserere
1709 4486 1776 4542 et
1813 4495 2075 4561 ponere,
2118 4485 2192 4540 ut
2228 4477 2493 4540 seorsim
2530 4474 2638 4540 vel
2675 4495 2810 4541 esse
