3109 5175
1171 379 1369 454 As.
1452 378 1724 455 107312.
2409 375 2553 453 50⁵
2692 365 2697 370 ’

352 561 632 624 cernitur
675 556 948 637 licentia,
1001 555 1400 624 desideratur
1441 552 1867 623 ratiocinandi
1911 555 2216 620 severitas
2258 548 2556 664 (σπουδὴ

355 657 772 742 ἀποδεικτική
814 663 1011 743 α22).

487 766 566 846 b)
615 767 824 831 10730
849 765 937 829 22
980 761 1178 850 ἡμῖν
1224 800 1304 816 -
1346 766 1429 830 bl
1475 758 1905 850 πρότερον.
1984 762 2206 848 Itaque
2246 783 2434 848 quum
2472 760 2554 826 ab

353 868 813 954 antiquioribus
850 866 1252 956 philosophis
1289 867 1503 933 nullus
1541 866 1624 932 ad
1662 886 1784 931 nos
1820 863 2136 931 redundet
2169 865 2429 945 fructus,
2473 863 2555 931 ab

352 974 430 1036 iis
472 970 898 1037 fundamentis
946 970 1323 1036 ordiendum
1366 974 1434 1036 in
1488 974 1891 1057 quaestione,
1948 990 2111 1056 quae
2167 979 2352 1034 antea
2409 979 2558 1035 sunt

353 1077 562 1162 posita
608 1080 719 1156 (ἑκ
764 1076 895 1141 τῶν
937 1070 1375 1159 ὑποκειμένων
1414 1075 1611 1155 «23).
1701 1074 1925 1139 Motus
1981 1081 2054 1138 ut
2105 1075 2369 1139 omnino
2414 1094 2556 1138 esse

352 1180 576 1263 possit,
620 1181 781 1264 poni
826 1187 1086 1264 oportet
1130 1179 1510 1265 principium
1553 1198 1821 1243 movens
1865 1176 2212 1255 immobile,
2257 1187 2557 1241 aeternus

353 1291 564 1346 motus
619 1279 952 1347 aeternum·
997 1284 1262 1367 requirit
1303 1293 1617 1348 motorem
1661 1280 2077 1359 immobilem,
2136 1288 2201 1345 et
2244 1283 2296 1345 si
2339 1279 2557 1366 plures

356 1387 485 1449 sint
519 1383 754 1472 singuli
788 1382 1100 1472 singulos.
1170 1387 1365 1472 Atqui
1408 1385 1792 1464 videmus,
1832 1385 1986 1463 «28,
2031 1393 2285 1471 praeter
2314 1393 2559 1449 motum

358 1486 777 1553 orbicularem
818 1482 979 1567 (τὴν
1014 1483 1280 1569 ἁπλῆν
1319 1484 1542 1576 φοράν
1576 1492 1730 1568 α29,
1776 1488 1855 1553 cf.
1885 1489 2085 1574 Phys.
2109 1487 2264 1552 VIII
2292 1490 2353 1552 9.
2385 1488 2557 1553 2650

359 1592 470 1655 16:
529 1579 648 1670 ’δῆς
701 1586 762 1655 δ’
800 1586 1074 1668 εὐθείας
1130 1594 1350 1680 φορᾶς
1408 1596 1700 1677 προτέρα
1758 1588 1800 1670 ἡ
1852 1586 2094 1673 κύκλῳ·
2154 1586 2372 1667 ἁπλῆ
2428 1583 2558 1674 γὰρ

357 1694 470 1759 καὶ
502 1696 747 1770 τέλειος
780 1692 1079 1777 μᾶλλον)
1118 1692 1439 1758 stellarum
1474 1696 1903 1772 inerrantium,
1939 1695 2269 1758 excitatum
2306 1691 2483 1758 illum
2520 1713 2558 1755 a

357 1817 602 1862 summo
660 1798 976 1884 principio
1034 1808 1336 1863 movente
1390 1795 1731 1877 immobili,
1783 1797 1948 1864 alios
2005 1806 2217 1864 motus
2264 1797 2561 1882 sphaera·

356 1921 494 1965 rum
538 1899 952 1987 planetarum.
1041 1899 1230 1985 Quae
1288 1922 1478 1987 quum
1534 1900 1830 1989 singulae
1885 1900 2175 1988 singulos
2222 1899 2344 1964 sibi
2383 1898 2563 1986 flagi-

359 2011 501 2068 tent
517 2014 814 2069 ‘motores
841 2002 1220 2084 immobiles,
1264 2025 1583 2091 quumque
1627 2015 1886 2071 aeterna
1929 2014 2241 2069 astrorum
2275 2001 2559 2067 substan-

359 2107 447 2170 tia
493 2126 629 2170 non
671 2108 879 2191 possit
920 2105 1158 2173 habere
1197 2111 1574 2194 principium
1610 2129 1877 2174 movens
1906 2110 2028 2174 nisi
2059 2104 2231 2193 quod
2263 2114 2331 2170 et
2355 2106 2562 2191 ipsum

360 2207 714 2274 substantia
756 2212 840 2275 sit
881 2200 1168 2277 aeterna:
1213 2223 1373 2299 quot
1406 2221 1555 2277 sunt
1587 2211 1994 2299 sphaerarum
2021 2218 2251 2289 motus,
2295 2207 2564 2273 totidem

362 2323 626 2399 oportet
681 2311 1069 2380 substantias
1124 2325 1414 2381 aeternas
1474 2315 1834 2382 mobiles
1895 2316 2194 2381 materiae
2254 2315 2563 2377 immunes

357 2436 480 2501 pro
526 2419 852 2504 principiis
897 2416 1199 2485 movendi
1241 2422 1418 2506 poni.
1507 2420 1591 2484 Hi
1646 2429 1930 2485 motores
1985 2419 2229 2484 aeterni
2276 2415 2565 2481 immobi-

358 2518 472 2600 les,
518 2519 949 2611 distinguendi
994 2521 1090 2589 illi
1136 2522 1407 2610 quidem,
1449 2536 1523 2591 ut
1559 2536 1731 2591 recte
1770 2532 1990 2590 monet
2022 2521 2203 2588 Alex.
2236 2543 2301 2607 p.
2324 2521 2474 2599 682,
2501 2520 2564 2598 3,

359 2646 395 2689 a
442 2624 713 2712 singulis
756 2624 1154 2713 singulorum
1197 2612 1510 2694 astrorum
1559 2630 1781 2693 animis
1839 2626 1957 2708 (ci.
2001 2625 2084 2691 de
2126 2622 2313 2690 coelo
2355 2622 2416 2686 II
2458 2624 2564 2689 12.

359 2728 530 2793 290⁶
568 2729 657 2793 20
699 2750 834 2815 sqq.
848 2731 911 2809 )‚
968 2751 1150 2815 quam
1197 2730 1476 2796 habeant
1517 2729 1603 2796 ad
1645 2752 1950 2797 summum
1993 2730 2176 2816 primi
2222 2723 2390 2792 coeli
2430 2747 2567 2791 mo·

362 2843 563 2898 torem
609 2835 937 2911 rationem,
981 2831 1212 2898 frustra
1255 2832 1338 2898 ab
1383 2835 1489 2900 Ar.
1537 2835 1943 2920 quaesiveris.
2020 2833 2115 2897 Ac
2157 2829 2318 2896 deos
2362 2828 2565 2896 diisve

360 2935 597 3002 similes
653 2958 844 3022 quum
902 2957 1018 3002 eos
1076 2958 1217 3002 esse
1261 2936 1416 3003 dicit
1465 2937 1589 3018 (cf.
1636 2939 1838 3003 107412
1871 2938 1987 3016 9),
2044 2934 2125 2999 ab
2171 2937 2415 2998 unitate
2459 2932 2565 2999 dei

362 3043 524 3121 (τοῦ
574 3041 932 3162 κινοῦντοςν
967 3035 1350 3121 ἀκινήτου),
1408 3063 1595 3128 quam
1654 3042 2007 3106 enixissime
2063 3035 2398 3103 contendit
2442 3036 2564 3117 (cf.

364 3146 468 3209 10.
502 3147 709 3211 1076«
734 3146 802 3209 4:
842 3140 961 3209 οὔκ
999 3136 1277 3226 ἀγαθὸν
1312 3145 1816 3232 πολυκοιρανίη·
1862 3139 1955 3220 εἷς
1987 3143 2356 3229 κοίρανος),
2389 3142 2567 3228 quasi

362 3248 599 3312 invitus
660 3247 741 3311 ad
795 3244 1258 3312 multitudinem
1316 3247 1685 3312 inferiorum
1731 3244 2124 3334 quorundam
2169 3244 2432 3310 deorum
2475 3248 2570 3309 vi-

363 3348 553 3415 detur
610 3349 971 3414 descivisse.
1019 3386 1102 3400 —
1149 3352 1286 3416 «32
1330 3351 1649 3417 δέδεικται
1691 3349 1750 3416 δ’
1791 3356 1862 3417 ἐν
1908 3357 2048 3428 τοῖς
2100 3357 2428 3438 φυσικοῖς,
2485 3347 2566 3414 cf.

362 3453 557 3538 Phys.
572 3452 728 3516 VIII
759 3453 823 3518 8.
856 3455 918 3517 9.
964 3451 1047 3517 de
1079 3452 1266 3518 coelo
1297 3454 1356 3518 ΙΙ
1386 3455 1429 3519 3
1460 3476 1594 3540 sqq.
1626 3492 1714 3526 -,-
1748 3455 1882 3520 «37
1923 3448 2250 3530 τοσαύτας
2283 3475 2370 3530 τε,
2407 3450 2569 3516 nibil

359 3553 823 3633 ,desideraveris
868 3559 922 3621 si
960 3559 1288 3623 omittatur
1324 3567 1484 3643 part.
1523 3579 1612 3635 τε,
1657 3566 1728 3621 ut
1752 3565 1857 3633 ‚est
1889 3558 2119 3622 omissa
2153 3557 2220 3620 in
2253 3553 2352 3620 ed.
2383 3553 2567 3640 Sylb.

364 3659 434 3726 Si
479 3669 576 3737 est
607 3642 904 3746 genuina,
947 3659 1284 3727 referenda
1324 3660 1579 3726 videtur
1615 3659 1698 3725 ad
1741 3655 1865 3740 τήν
1907 3681 1988 3723 τε
2033 3653 2252 3749 φύσιν,
2295 3667 2369 3723 ut
2405 3662 2572 3724 inter

364 3784 436 3828 se
463 3766 936 3851 coniungantur
966 3786 1264 3830 numerus
1296 3774 1359 3829 et
1388 3768 1611 3829 natura
1641 3763 2125 3830 substantiarum
2156 3772 2570 3827 aeternarum.

365 3904 453 3918 —-
493 3868 580 3932 bl
625 3861 736 3932 διὰ
780 3861 904 3946 τὴν
952 3870 1297 3955 εὶρημένην
1340 3869 1564 3933 αἰτίαν
1605 3862 1947 3956 πρότερον,
1990 3864 2071 3931 cf.
2112 3868 2173 3932 7.
2211 3866 2423 3932 1073·
2456 3867 2521 3933 5.

497 3976 575 4050 c)
622 3972 888 4037 1073⁶1
939 3967 1067 4038 ὅτι
1112 4009 1193 4022 -
1243 3973 1326 4038 17
1371 3967 2029 4057 ἀκριβεστέροις.
2119 3968 2333 4054 Quum
2377 3970 2577 4057 igitur

366 4071 855 4140 substantiarum
912 4074 1161 4141 illarum
1214 4096 1514 4140 numerus
1575 4083 1642 4140 et
1692 4071 1857 4139 ordo
1906 4094 1982 4139 ex
2023 4071 2302 4138 motibus
2347 4071 2454 4136 vel
2498 4093 2575 4137 ex

368 4175 653 4261 sphaeris
708 4177 1104 4264 planetarum
1162 4196 1505 4266 suspensus
1562 4181 1672 4257 sit,
1728 4179 1945 4242 harum
2004 4186 2077 4243 ut
2133 4188 2199 4242 et
2247 4196 2574 4241 numerum

371 4299 832 4366 cognoscamus
879 4293 944 4348 et
987 4282 1276 4349 ordinem
1322 4281 1405 4347 ad
1442 4284 1892 4348 astronomiam
1932 4277 2419 4370 digrediendum
2458 4286 2574 4343 est.

369 4384 835 4449 Astronomiam
890 4394 1127 4465 autem,
1186 4388 1362 4451 cuius
1408 4384 1643 4452 auxilio
1688 4386 2079 4475 indigemus,
2140 4384 2424 4470 proxime
2469 4401 2577 4445 co·

368 4496 624 4578 gnatam
684 4509 825 4554 esse
882 4488 1036 4556 dicit
1091 4491 1211 4576 ipsi
1267 4489 1716 4580 philosophiae
1763 4511 1839 4556 ex
1883 4487 2180 4555 omuibus
2225 4484 2574 4574 disciplinis
