3109 5175
571 355 712 429 176
1391 357 1466 430 Β
1513 355 1584 427 6.
1666 353 1851 429 1003
1869 375 1936 426 a.

565 535 840 620 opponit
894 525 940 611 ἤ
984 528 1103 597 τιν’
1150 536 1371 617 ἕτερον
1419 526 1688 617 τρόπον.
1780 530 2054 596 Affinem
2113 530 2281 596 hanc
2334 531 2768 617 quaestionem

566 641 627 701 ei
670 657 810 702 esse
853 635 1024 713 dicit,
1070 634 1151 701 de
1187 659 1311 722 qua
1349 639 1635 723 proxime
1676 645 1773 700 est
1813 635 2212 722 disputatum,
2258 645 2464 702 utrum
2500 655 2766 701 numero

564 763 645 808 an
692 745 908 827 specie
947 740 1129 806 finita
1168 745 1295 806 sint
1331 743 1674 827 principia3
1719 740 1893 826 quod
1933 744 2097 805 enim
2136 761 2400 806 numero
2440 761 2633 806 unum
2675 749 2772 804 est

569 842 826 930 etssdds
871 869 950 923 τι,
994 845 1161 910 idem
1209 856 1351 910 actu
1399 855 1524 920 est;
1571 843 1743 931 quod
1788 865 1946 908 vero
1991 848 2205 932 specie
2251 867 2444 911 unum
2491 843 2574 909 de
2613 842 2770 909 mul-

565 954 644 1016 tis
690 954 927 1036 pariter
970 949 1401 1037 praedicatur,
1458 949 1522 1013 id
1580 960 1751 1016 certe
1810 954 2259 1038 cognationem
2305 948 2617 1035 quandam
2664 948 2771 1012 ha-

564 1055 674 1119 bet
730 1076 869 1119 cum
927 1058 1017 1138 τῷ
1063 1055 1339 1136 δυνατῷ.
1427 1055 1526 1118 Ac
1567 1057 1838 1140 primum
1882 1053 2164 1139 quidem,
2214 1056 2441 1119 1234—
2462 1054 2672 1118 10030
2708 1053 2770 1131 2,

564 1162 875 1245 principia
921 1163 1207 1245 potentia
1256 1179 1396 1222 esse
1439 1178 1576 1224 non
1615 1169 1776 1236 actu,
1820 1158 1972 1224 inde
2013 1158 2406 1224 demonstrat
2442 1154 2618 1243 quod
2654 1177 2771 1243 po-

564 1266 762 1328 tentia
808 1266 985 1350 prior
1021 1267 1103 1327 sit
1138 1283 1321 1348 quam
1364 1273 1555 1341 actua,
1602 1263 1908 1350 siquidem
1950 1275 2126 1329 actus
2166 1262 2417 1328 videtur
2456 1283 2596 1326 esse
2634 1282 2768 1326 non

564 1389 760 1455 posse
817 1369 942 1431 nisi
998 1387 1141 1431 eum
1197 1370 1616 1452 praecesserit
1658 1372 1942 1454 potentia
1991 1364 2353 1454 (πρότερον
2397 1360 2527 1450 γὰρ
2572 1361 2614 1444 ἡ
2659 1360 2771 1431 δύ-

567 1495 765 1555 ναμις
808 1473 1053 1549 ἐκείνης
1095 1471 1213 1549 τῆς
1257 1474 1543 1552 αἰτίας),
1600 1477 1888 1559 potentia
1944 1494 2101 1536 vero
2158 1476 2247 1536 ita
2308 1474 2494 1536 etiam
2518 1509 2531 1518 -
2556 1478 2772 1556 potest

566 1597 723 1652 esse,
769 1586 839 1639 ut
884 1596 1018 1638 eam
1065 1596 1198 1640 non
1238 1586 1538 1660 sequatur
1575 1588 1751 1641 actus
1794 1570 1912 1657 (τὸ
1956 1577 2025 1641 δὲ
2071 1568 2354 1642 δυνατὸν
2401 1573 2518 1640 οὐκ
2563 1572 2772 1657 ἀναγ-

565 1689 758 1744 καῖον
800 1681 1070 1758 ἐκείνως,
1113 1683 1154 1744 i.
1188 1701 1245 1743 e.
1291 1684 1600 1765 ἐνεργείᾳ,
1643 1684 1779 1747 πᾶν
1823 1668 2047 1766 ἔχειν).
2138 1681 2221 1744 At
2267 1700 2342 1744 ex
2387 1679 2609 1744 eadem
2652 1678 2773 1742 hac

566 1787 832 1862 ratione,
876 1783 1052 1869 quod
1096 1786 1445 1870 potentiam
1489 1805 1625 1850 non
1662 1788 2025 1850 necessario
2061 1788 2346 1870 sequitur
2383 1794 2578 1861 actuS,
2622 1801 2771 1870 pro-

564 1892 742 1956 ximis
786 1888 1015 1967 verbis,
1050 1892 1316 1968 ‹12—5‚
1360 1909 1495 1953 non
1541 1910 1683 1954 esse
1720 1891 2029 1974 principia
2057 1891 2345 1975 potentia
2379 1887 2769 1974 comprobat.

565 1995 874 2059 Nimirum
920 1992 986 2057 id
1032 1991 1208 2079 quod
1250 1992 1329 2056 fit
1371 1991 1656 2058 nondum
1705 2004 1830 2072 est,
1884 1992 2171 2079 alioquin
2216 2014 2348 2058 non
2394 1992 2585 2057 fieret
2632 1993 2772 2072 (γί-

565 2120 791 2181 γνεται
833 2091 962 2181 γὰρ
1007 2092 1083 2160 τὸ
1128 2091 1220 2181 μὴ
1266 2090 1419 2179 ὅν);
1479 2098 1784 2184 quidquid
1828 2098 1933 2178 fit,
1986 2121 2061 2164 ex
2109 2119 2187 2162 eo
2234 2096 2310 2162 fit
2353 2095 2527 2183 quod
2570 2094 2773 2160 fiendi

565 2205 913 2288 potentiam
942 2200 1153 2278 habet,
1196 2205 1267 2266 ὲκ
1295 2203 1416 2267 τοῦ
1442 2205 1803 2286 γίγνεσθαι
1829 2205 2117 2270 δυνατοῦ
2159 2198 2406 2281 (οὐθὲν
2453 2200 2522 2266 δὲ
2560 2201 2773 2283 γίγνε-

568 2329 679 2369 ται
717 2306 846 2370 τῶν
885 2299 1050 2370 εἶναι
1089 2300 1508 2387 ἀδυνάτων);
1569 2327 1762 2394 ergo,
1806 2308 1981 2393 quod
2014 2310 2300 2393 potentia
2342 2314 2466 2383 est,
2510 2303 2576 2369 id
2612 2325 2774 2368 non·

569 2407 716 2474 dum
766 2420 889 2473 est
933 2399 1253 2488 (δυνατὸν
1297 2402 1426 2494 γὰρ
1472 2407 1641 2475 εἶναι
1678 2413 1792 2476 καὶ
1826 2406 1903 2475 τὸ
1938 2407 2132 2494 μήπω
2178 2404 2314 2490 ὅν).
2380 2407 2538 2473 Inde
2580 2430 2771 2494 appa·

569 2525 695 2592 ret,
739 2517 791 2577 si
837 2516 1125 2600 potentia
1173 2533 1313 2576 esse
1355 2515 1660 2600 principia
1705 2520 2031 2602 posueris,
2072 2515 2215 2580 fieri
2259 2534 2481 2602 posse,
2526 2523 2597 2577 ut
2637 2533 2770 2578 non

569 2623 696 2684 sint
738 2620 1064 2705 principia,
1120 2627 1200 2694 et,
1245 2618 1301 2681 si
1342 2621 1652 2705 principia
1693 2642 1829 2687 non
1875 2624 2018 2700 sint,
2061 2642 2143 2686 eo
2193 2624 2379 2685 etiam
2422 2620 2629 2685 minus
2675 2640 2775 2683 ce-

569 2734 839 2789 terarum
885 2720 1222 2808 quidquam
1268 2743 1495 2788 rerum.

918 2915 1235 2993 Quaestio
1284 2920 1510 3005 quinta
1554 2917 1824 2982 decima.
1920 2918 2126 2982 1003a
2166 2916 2427 2982 5-17,

701 3037 1015 3121 Principia
1073 3057 1224 3101 num
1279 3040 1407 3101 sint
1463 3036 1844 3102 universalia
1893 3059 1974 3101 an
2018 3035 2364 3101 individua.
2455 3036 2771 3121 Quaestio

569 3139 783 3204 verbis
828 3142 1028 3227 magis
1073 3161 1256 3225 quam
1300 3161 1371 3203 re
1409 3139 1627 3205 differt
1665 3163 1700 3204 a
1741 3144 2114 3226 quaestione
2153 3161 2343 3218 nona,
2387 3150 2591 3205 utrum
2630 3160 2776 3224 spe-

574 3247 668 3308 cie
713 3265 796 3308 an
839 3265 1105 3310 numero
1153 3243 1412 3310 definita
1458 3249 1589 3309 sint
1630 3248 1971 3333 principia,
2028 3242 2142 3309 sed
2201 3244 2327 3309 hoc
2382 3243 2532 3308 loco
2590 3240 2775 3307 aliter

572 3347 959 3435 disceptatur
1001 3360 1189 3436 atque
1226 3348 1373 3427 illic,
1418 3348 1594 3435 quod
1636 3353 1855 3415 mirum
1894 3370 2027 3416 non
2067 3360 2285 3435 potest
2318 3346 2539 3427 videri,
2584 3367 2773 3433 quum

572 3451 903 3519 dialectice
947 3466 1187 3519 tantum
1233 3474 1337 3519 res
1381 3464 1606 3541 agatur
1644 3465 1709 3519 et
1746 3458 1959 3519 variae
1995 3458 2275 3519 rationes
2313 3456 2551 3540 pariter
2588 3461 2775 3537 aptae

572 3560 730 3636 sint,
773 3580 906 3624 non
952 3559 1033 3624 ad
1079 3557 1595 3647 cognoscendam
1637 3561 1998 3636 veritatem,
2051 3558 2165 3623 sed
2211 3556 2291 3621 ad
2338 3558 2774 3643 quaestionem

572 3666 640 3727 in
687 3674 1013 3749 utramque
1056 3676 1296 3750 partem
1343 3662 1725 3751 agitandam.
1792 3663 2086 3740 Primum,
2123 3664 2383 3739 07-9,
2428 3663 2483 3725 si
2528 3664 2778 3725 univer-

573 3766 728 3831 salia
772 3772 1066 3853 ponimus
1112 3789 1253 3833 esse
1297 3770 1636 3853 principia,
1694 3769 1991 3851 quoniam
2052 3765 2410 3831 universale
2453 3763 2777 3850 praedica-

574 3882 677 3935 tur
721 3871 804 3934 de
847 3872 1059 3937 multis
1105 3881 1169 3936 et
1213 3869 1603 3957 qualitatem,
1656 3891 1789 3935 non
1835 3871 2249 3936 substantiam
2292 3869 2609 3959 significat
2653 3868 2776 3949 (cf.

577 3975 638 4039 Z
680 3976 823 4052 13),
876 3997 1274 4061 consequens
1319 3974 1467 4040 inde
1512 3985 1627 4052 est,
1671 3985 1742 4040 ut
1783 3977 2095 4060 principia
2137 3997 2270 4040 non
2316 3979 2444 4041 sint
2486 3973 2779 4041 substan-

577 4081 721 4142 tiae.
789 4078 972 4143 Hanc
1005 4078 1440 4145 difficultatem
1472 4082 1764 4146 evitaturi
1796 4083 1850 4143 si
1879 4083 2278 4145 statuerimus
2313 4084 2409 4160 (εὶ
2448 4077 2508 4143 δ’
2545 4080 2580 4144 ἔ
2588 4100 2630 4145 o·
2646 4101 2778 4143 ται

576 4185 711 4263 ⁰9)
758 4182 1114 4248 universale
1160 4206 1273 4270 per
1317 4207 1387 4249 se
1435 4194 1498 4249 et
1539 4205 1613 4247 re
1658 4205 1733 4246 ac
1775 4187 2039 4249 veritate
2070 4206 2210 4249 esse
2254 4185 2651 4263 (ἐκθέσθαι,
2696 4183 2775 4246 cf.

578 4286 660 4352 ad
698 4288 771 4353 A
804 4289 867 4353 9.
905 4289 1065 4352 992b
1105 4290 1242 4368 10),
1288 4288 1428 4353 aliis
1471 4286 1864 4374 implicamur
1904 4286 2073 4352 haud
2118 4287 2471 4353 levioribus
2504 4290 2778 4372 ineptiiS,

578 4393 887 4458 ⁶9—12.
957 4395 1245 4478 Namque
1291 4392 1440 4459 inde
1471 4392 1761 4471 efficitur,
1806 4403 1876 4456 ut
1907 4391 2232 4458 individua
2262 4392 2628 4470 substantia,
2672 4413 2779 4455 ve-

579 4496 696 4563 luti
724 4496 1039 4576 SocrateS,
1085 4498 1298 4585 plures
1326 4502 1394 4563 in
1425 4521 1495 4564 se
1525 4500 1854 4563 contineat
1880 4497 2278 4576 substantias,
2321 4495 2630 4584 siquidem
2660 4496 2778 4562 So-
