<?xml version="1.0" encoding="UTF-8"?>
<!DOCTYPE html PUBLIC "-//W3C//DTD XHTML 1.0 Transitional//EN"
    "http://www.w3.org/TR/xhtml1/DTD/xhtml1-transitional.dtd">
<html xmlns="http://www.w3.org/1999/xhtml" xml:lang="en" lang="en">
 <head>
  <title>
</title>
<meta http-equiv="Content-Type" content="text/html;charset=utf-8" />
  <meta name='ocr-system' content='tesseract 3.04.00' />
  <meta name='ocr-capabilities' content='ocr_page ocr_carea ocr_par ocr_line ocrx_word'/>
</head>
<body>
  <div class='ocr_page' id='page_1' title='image "aristotelismeta01bonigoog_0229.png"; bbox 0 0 3109 5175; ppageno 0'>
   <div class='ocr_carea' id='block_1_1' title="bbox 1203 368 2570 450">
    <p class='ocr_par' dir='ltr' id='par_1_1' title="bbox 1203 368 2570 450">
     <span class='ocr_line' id='line_1_1' title="bbox 1203 368 2570 450; baseline 0.006 -8"><span class='ocrx_word' id='word_1_1' title='bbox 1203 370 1278 442; x_wconf 90' lang='grc' dir='ltr'>Γ</span> <span class='ocrx_word' id='word_1_2' title='bbox 1317 368 1385 444; x_wconf 85' lang='grc'><strong>5.</strong></span> <span class='ocrx_word' id='word_1_3' title='bbox 1467 369 1660 446; x_wconf 88' lang='grc'>1010</span> <span class='ocrx_word' id='word_1_4' title='bbox 1673 391 1740 444; x_wconf 77' lang='grc' dir='ltr'><strong>α.</strong></span> <span class='ocrx_word' id='word_1_5' title='bbox 2427 372 2570 450; x_wconf 67' lang='lat'><strong>2⁰3</strong></span> 
     </span>
    </p>
   </div>
   <div class='ocr_carea' id='block_1_2' title="bbox 275 545 2573 4593">
    <p class='ocr_par' dir='ltr' id='par_1_2' title="bbox 275 545 2573 2297">
     <span class='ocr_line' id='line_1_2' title="bbox 365 545 2573 637; baseline 0.002 -23"><span class='ocrx_word' id='word_1_6' title='bbox 365 545 710 635; x_wconf 74' lang='lat' dir='ltr'><strong>quidquam</strong></span> <span class='ocrx_word' id='word_1_7' title='bbox 741 548 1176 634; x_wconf 73' lang='lat' dir='ltr'><strong>opinarentur,</strong></span> <span class='ocrx_word' id='word_1_8' title='bbox 1219 546 1394 614; x_wconf 81' lang='lat' dir='ltr'><strong>hunc</strong></span> <span class='ocrx_word' id='word_1_9' title='bbox 1430 550 1629 637; x_wconf 80' lang='lat' dir='ltr'><strong>igitur</strong></span> <span class='ocrx_word' id='word_1_10' title='bbox 1658 547 2094 615; x_wconf 78' lang='lat' dir='ltr'><strong>Parmenidem</strong></span> <span class='ocrx_word' id='word_1_11' title='bbox 2133 547 2460 630; x_wconf 65' lang='grc' dir='ltr'><strong>αἴσθησιν</strong></span> <span class='ocrx_word' id='word_1_12' title='bbox 2504 562 2573 620; x_wconf 83' lang='lat' dir='ltr'><strong>et</strong></span> 
     </span>
     <span class='ocr_line' id='line_1_3' title="bbox 361 646 2571 741; baseline 0.002 -25"><span class='ocrx_word' id='word_1_13' title='bbox 361 646 694 740; x_wconf 73' lang='grc' dir='ltr'><strong>φρόνησιν</strong></span> <span class='ocrx_word' id='word_1_14' title='bbox 734 653 909 717; x_wconf 82' lang='lat' dir='ltr'><strong>inter</strong></span> <span class='ocrx_word' id='word_1_15' title='bbox 948 672 1026 717; x_wconf 82' lang='lat' dir='ltr'><strong>ae</strong></span> <span class='ocrx_word' id='word_1_16' title='bbox 1062 650 1458 731; x_wconf 71' lang='lat' dir='ltr'><strong>confudisse,</strong></span> <span class='ocrx_word' id='word_1_17' title='bbox 1512 652 1691 718; x_wconf 79' lang='lat' dir='ltr'><strong>credi</strong></span> <span class='ocrx_word' id='word_1_18' title='bbox 1738 652 1932 739; x_wconf 80' lang='lat' dir='ltr'><strong>plane</strong></span> <span class='ocrx_word' id='word_1_19' title='bbox 1974 657 2223 741; x_wconf 76' lang='lat' dir='ltr'><strong>nequit3</strong></span> <span class='ocrx_word' id='word_1_20' title='bbox 2280 657 2571 721; x_wconf 68' lang='lat' dir='ltr'><strong>nimirum</strong></span> 
     </span>
     <span class='ocr_line' id='line_1_4' title="bbox 359 752 2570 844; baseline 0.003 -25"><span class='ocrx_word' id='word_1_21' title='bbox 359 753 456 819; x_wconf 88' lang='lat' dir='ltr'><strong>illi</strong></span> <span class='ocrx_word' id='word_1_22' title='bbox 512 775 738 824; x_wconf 77' lang='lat' dir='ltr'><strong>verane</strong></span> <span class='ocrx_word' id='word_1_23' title='bbox 796 776 874 821; x_wconf 79' lang='lat' dir='ltr'><strong>ex</strong></span> <span class='ocrx_word' id='word_1_24' title='bbox 928 776 1004 820; x_wconf 87' lang='lat' dir='ltr'><strong>ea</strong></span> <span class='ocrx_word' id='word_1_25' title='bbox 1060 765 1210 822; x_wconf 85' lang='lat' dir='ltr'><strong>sunt</strong></span> <span class='ocrx_word' id='word_1_26' title='bbox 1258 758 1547 822; x_wconf 74' lang='lat' dir='ltr'>carminis</span> <span class='ocrx_word' id='word_1_27' title='bbox 1591 766 1799 844; x_wconf 76' lang='lat' dir='ltr'><strong>parte,</strong></span> <span class='ocrx_word' id='word_1_28' title='bbox 1854 780 1983 844; x_wconf 87' lang='lat' dir='ltr'><strong>qua</strong></span> <span class='ocrx_word' id='word_1_29' title='bbox 2025 752 2111 823; x_wconf 73' lang='grc' dir='ltr'><strong>τὰ</strong></span> <span class='ocrx_word' id='word_1_30' title='bbox 2148 752 2321 844; x_wconf 76' lang='grc' dir='ltr'><strong>πρὸς</strong></span> <span class='ocrx_word' id='word_1_31' title='bbox 2362 754 2570 837; x_wconf 75' lang='grc' dir='ltr'><em>δόξαν</em></span> 
     </span>
     <span class='ocr_line' id='line_1_5' title="bbox 363 858 2571 949; baseline 0.001 -25"><span class='ocrx_word' id='word_1_32' title='bbox 363 862 632 945; x_wconf 73' lang='lat' dir='ltr'><strong>exponit</strong></span> <span class='ocrx_word' id='word_1_33' title='bbox 661 858 1084 946; x_wconf 73' lang='lat' dir='ltr'><strong>philosophus</strong></span> <span class='ocrx_word' id='word_1_34' title='bbox 1121 871 1188 925; x_wconf 91' lang='lat' dir='ltr'><strong>et</strong></span> <span class='ocrx_word' id='word_1_35' title='bbox 1218 859 1670 947; x_wconf 63' lang='lat' dir='ltr'><strong>obtuperans</strong></span> <span class='ocrx_word' id='word_1_36' title='bbox 1704 859 1981 949; x_wconf 74' lang='lat' dir='ltr'><strong>vulgatis</strong></span> <span class='ocrx_word' id='word_1_37' title='bbox 2013 861 2427 949; x_wconf 74' lang='lat' dir='ltr'><strong>opinionibus</strong></span> <span class='ocrx_word' id='word_1_38' title='bbox 2462 884 2571 927; x_wconf 82' lang='lat' dir='ltr'><strong>ve-</strong></span> 
     </span>
     <span class='ocr_line' id='line_1_6' title="bbox 359 964 2571 1050; baseline 0.002 -22"><span class='ocrx_word' id='word_1_39' title='bbox 359 967 613 1028; x_wconf 77' lang='lat' dir='ltr'><strong>ritatem</strong></span> <span class='ocrx_word' id='word_1_40' title='bbox 670 966 920 1049; x_wconf 82' lang='lat' dir='ltr'><strong>assequi</strong></span> <span class='ocrx_word' id='word_1_41' title='bbox 976 985 1062 1029; x_wconf 90' lang='lat' dir='ltr'><strong>ne</strong></span> <span class='ocrx_word' id='word_1_42' title='bbox 1106 966 1252 1050; x_wconf 83' lang='lat' dir='ltr'><strong>ipse</strong></span> <span class='ocrx_word' id='word_1_43' title='bbox 1293 964 1552 1050; x_wconf 75' lang='lat' dir='ltr'><strong>quidem</strong></span> <span class='ocrx_word' id='word_1_44' title='bbox 1589 964 1720 1034; x_wconf 78' lang='lat' dir='ltr'><strong>sihi</strong></span> <span class='ocrx_word' id='word_1_45' title='bbox 1762 965 2034 1032; x_wconf 82' lang='lat' dir='ltr'><strong>videtur.</strong></span> <span class='ocrx_word' id='word_1_46' title='bbox 2122 966 2265 1030; x_wconf 79' lang='lat' dir='ltr'><strong>Nec</strong></span> <span class='ocrx_word' id='word_1_47' title='bbox 2306 964 2571 1032; x_wconf 77' lang='lat' dir='ltr'><strong>multum</strong></span> 
     </span>
     <span class='ocr_line' id='line_1_7' title="bbox 275 1065 2571 1155; baseline -0 -19"><span class='ocrx_word' id='word_1_48' title='bbox 275 1129 290 1136; x_wconf 87' lang='lat'><strong>-</strong></span> <span class='ocrx_word' id='word_1_49' title='bbox 361 1066 618 1133; x_wconf 81' lang='lat' dir='ltr'><strong>diversa</strong></span> <span class='ocrx_word' id='word_1_50' title='bbox 665 1065 1074 1155; x_wconf 72' lang='lat' dir='ltr'><strong>Empedoclis</strong></span> <span class='ocrx_word' id='word_1_51' title='bbox 1116 1070 1299 1147; x_wconf 76' lang='lat' dir='ltr'><strong>ratio,</strong></span> <span class='ocrx_word' id='word_1_52' title='bbox 1341 1072 1451 1155; x_wconf 76' lang='lat' dir='ltr'><strong>qni</strong></span> <span class='ocrx_word' id='word_1_53' title='bbox 1495 1090 1664 1155; x_wconf 90' lang='lat' dir='ltr'><strong>quae</strong></span> <span class='ocrx_word' id='word_1_54' title='bbox 1705 1068 2211 1135; x_wconf 77' lang='lat' dir='ltr'><strong>manifestissima</strong></span> <span class='ocrx_word' id='word_1_55' title='bbox 2245 1080 2394 1134; x_wconf 83' lang='lat' dir='ltr'><strong>sunt</strong></span> <span class='ocrx_word' id='word_1_56' title='bbox 2428 1090 2571 1135; x_wconf 81' lang='lat' dir='ltr'><strong>sen-</strong></span> 
     </span>
     <span class='ocr_line' id='line_1_8' title="bbox 359 1169 2569 1261; baseline 0 -23"><span class='ocrx_word' id='word_1_57' title='bbox 359 1170 540 1238; x_wconf 77' lang='lat' dir='ltr'><strong>sibus</strong></span> <span class='ocrx_word' id='word_1_58' title='bbox 586 1181 654 1236; x_wconf 91' lang='lat' dir='ltr'><strong>et</strong></span> <span class='ocrx_word' id='word_1_59' title='bbox 696 1175 870 1238; x_wconf 89' lang='lat' dir='ltr'><strong>omni</strong></span> <span class='ocrx_word' id='word_1_60' title='bbox 916 1169 1318 1238; x_wconf 79' lang='lat' dir='ltr'><strong>dubitatione</strong></span> <span class='ocrx_word' id='word_1_61' title='bbox 1356 1194 1579 1252; x_wconf 62' lang='lat' dir='ltr'><strong>rama,</strong></span> <span class='ocrx_word' id='word_1_62' title='bbox 1622 1175 2103 1261; x_wconf 76' lang='lat' dir='ltr'><strong>generationem</strong></span> <span class='ocrx_word' id='word_1_63' title='bbox 2133 1179 2199 1238; x_wconf 84' lang='lat' dir='ltr'><strong>et</strong></span> <span class='ocrx_word' id='word_1_64' title='bbox 2225 1175 2569 1253; x_wconf 73' lang='lat' dir='ltr'><strong>interitum,</strong></span> 
     </span>
     <span class='ocr_line' id='line_1_9' title="bbox 363 1275 2571 1364; baseline 0.001 -24"><span class='ocrx_word' id='word_1_65' title='bbox 363 1297 441 1341; x_wconf 88' lang='lat' dir='ltr'><strong>ea</strong></span> <span class='ocrx_word' id='word_1_66' title='bbox 486 1296 840 1363; x_wconf 73' lang='lat' dir='ltr'><strong>agnoscere</strong></span> <span class='ocrx_word' id='word_1_67' title='bbox 881 1298 1004 1363; x_wconf 86' lang='lat' dir='ltr'><strong>pro</strong></span> <span class='ocrx_word' id='word_1_68' title='bbox 1048 1279 1219 1341; x_wconf 76' lang='lat' dir='ltr'><strong>veris</strong></span> <span class='ocrx_word' id='word_1_69' title='bbox 1258 1288 1522 1355; x_wconf 62' lang='lat' dir='ltr'><strong>ramat,</strong></span> <span class='ocrx_word' id='word_1_70' title='bbox 1567 1288 1791 1342; x_wconf 87' lang='lat' dir='ltr'><strong>contra</strong></span> <span class='ocrx_word' id='word_1_71' title='bbox 1817 1297 1976 1343; x_wconf 77' lang='lat' dir='ltr'><strong>vero</strong></span> <span class='ocrx_word' id='word_1_72' title='bbox 2008 1298 2175 1363; x_wconf 82' lang='lat' dir='ltr'><strong>qnae</strong></span> <span class='ocrx_word' id='word_1_73' title='bbox 2208 1275 2392 1343; x_wconf 88' lang='lat' dir='ltr'><strong>nullo</strong></span> <span class='ocrx_word' id='word_1_74' title='bbox 2421 1299 2571 1364; x_wconf 87' lang='lat' dir='ltr'><strong>pos-</strong></span> 
     </span>
     <span class='ocr_line' id='line_1_10' title="bbox 358 1379 2572 1467; baseline 0 -21"><span class='ocrx_word' id='word_1_75' title='bbox 358 1390 512 1446; x_wconf 87' lang='lat' dir='ltr'><strong>sunt</strong></span> <span class='ocrx_word' id='word_1_76' title='bbox 553 1401 747 1446; x_wconf 83' lang='lat' dir='ltr'><strong>sensu</strong></span> <span class='ocrx_word' id='word_1_77' title='bbox 793 1384 1036 1467; x_wconf 76' lang='lat' dir='ltr'><strong>percipi</strong></span> <span class='ocrx_word' id='word_1_78' title='bbox 1077 1379 1284 1447; x_wconf 90' lang='lat' dir='ltr'><strong>nihilo</strong></span> <span class='ocrx_word' id='word_1_79' title='bbox 1326 1392 1538 1446; x_wconf 78' lang='lat' dir='ltr'><strong>tamen</strong></span> <span class='ocrx_word' id='word_1_80' title='bbox 1582 1384 1789 1447; x_wconf 85' lang='lat' dir='ltr'><strong>secius</strong></span> <span class='ocrx_word' id='word_1_81' title='bbox 1834 1402 1975 1446; x_wconf 82' lang='lat' dir='ltr'><strong>esse</strong></span> <span class='ocrx_word' id='word_1_82' title='bbox 2005 1379 2373 1450; x_wconf 74' lang='lat' dir='ltr'><strong>contendit.</strong></span> <span class='ocrx_word' id='word_1_83' title='bbox 2445 1382 2572 1447; x_wconf 79' lang='lat' dir='ltr'><strong>lta·</strong></span> 
     </span>
     <span class='ocr_line' id='line_1_11' title="bbox 358 1484 2571 1572; baseline 0.002 -23"><span class='ocrx_word' id='word_1_84' title='bbox 358 1505 488 1571; x_wconf 84' lang='lat' dir='ltr'><strong>qne</strong></span> <span class='ocrx_word' id='word_1_85' title='bbox 544 1505 768 1570; x_wconf 82' lang='lat' dir='ltr'><strong>parum</strong></span> <span class='ocrx_word' id='word_1_86' title='bbox 826 1484 1228 1550; x_wconf 83' lang='lat' dir='ltr'><strong>considerate</strong></span> <span class='ocrx_word' id='word_1_87' title='bbox 1270 1484 1655 1551; x_wconf 77' lang='lat' dir='ltr'><strong>Aristotelea</strong></span> <span class='ocrx_word' id='word_1_88' title='bbox 1708 1505 1932 1551; x_wconf 83' lang='lat' dir='ltr'><strong>versus</strong></span> <span class='ocrx_word' id='word_1_89' title='bbox 1987 1484 2297 1572; x_wconf 76' lang='lat' dir='ltr'><strong>quosdam</strong></span> <span class='ocrx_word' id='word_1_90' title='bbox 2342 1490 2571 1553; x_wconf 84' lang='lat' dir='ltr'><strong>utrius-</strong></span> 
     </span>
     <span class='ocr_line' id='line_1_12' title="bbox 359 1587 2569 1675; baseline 0.001 -22"><span class='ocrx_word' id='word_1_91' title='bbox 359 1610 486 1674; x_wconf 81' lang='lat' dir='ltr'><strong>que</strong></span> <span class='ocrx_word' id='word_1_92' title='bbox 529 1587 902 1675; x_wconf 70' lang='lat' dir='ltr'><strong>philosophi</strong></span> <span class='ocrx_word' id='word_1_93' title='bbox 945 1588 1028 1654; x_wconf 87' lang='lat' dir='ltr'><strong>ad</strong></span> <span class='ocrx_word' id='word_1_94' title='bbox 1077 1589 1246 1654; x_wconf 85' lang='lat' dir='ltr'><strong>hanc</strong></span> <span class='ocrx_word' id='word_1_95' title='bbox 1299 1588 1649 1655; x_wconf 72' lang='lat' dir='ltr'><strong>detorsisse</strong></span> <span class='ocrx_word' id='word_1_96' title='bbox 1703 1588 1960 1655; x_wconf 79' lang='lat' dir='ltr'><strong>videtur</strong></span> <span class='ocrx_word' id='word_1_97' title='bbox 2010 1594 2417 1665; x_wconf 66' lang='lat' dir='ltr'><strong>sententiamz</strong></span> <span class='ocrx_word' id='word_1_98' title='bbox 2474 1595 2569 1656; x_wconf 85' lang='lat' dir='ltr'><strong>ni-</strong></span> 
     </span>
     <span class='ocr_line' id='line_1_13' title="bbox 360 1688 2566 1784; baseline 0.002 -27"><span class='ocrx_word' id='word_1_99' title='bbox 360 1694 582 1758; x_wconf 83' lang='lat' dir='ltr'><strong>mirum</strong></span> <span class='ocrx_word' id='word_1_100' title='bbox 627 1690 1008 1759; x_wconf 82' lang='lat' dir='ltr'><strong>vocabulum</strong></span> <span class='ocrx_word' id='word_1_101' title='bbox 1052 1688 1437 1784; x_wconf 73' lang='grc' dir='ltr'><strong><em>φρονήσεως</em></strong></span> <span class='ocrx_word' id='word_1_102' title='bbox 1479 1695 1637 1780; x_wconf 82' lang='lat' dir='ltr'><strong>ipse,</strong></span> <span class='ocrx_word' id='word_1_103' title='bbox 1681 1713 1809 1778; x_wconf 84' lang='lat' dir='ltr'><strong>quo</strong></span> <span class='ocrx_word' id='word_1_104' title='bbox 1856 1695 2054 1758; x_wconf 83' lang='lat' dir='ltr'><strong>utitur</strong></span> <span class='ocrx_word' id='word_1_105' title='bbox 2096 1695 2167 1758; x_wconf 87' lang='lat' dir='ltr'><strong>in</strong></span> <span class='ocrx_word' id='word_1_106' title='bbox 2199 1695 2566 1762; x_wconf 78' lang='lat' dir='ltr'><strong>nominibus</strong></span> 
     </span>
     <span class='ocr_line' id='line_1_14' title="bbox 361 1796 2568 1885; baseline 0.001 -23"><span class='ocrx_word' id='word_1_107' title='bbox 361 1796 744 1883; x_wconf 75' lang='lat' dir='ltr'><strong>usurpandis</strong></span> <span class='ocrx_word' id='word_1_108' title='bbox 800 1799 971 1877; x_wconf 86' lang='lat' dir='ltr'><strong>iure,</strong></span> <span class='ocrx_word' id='word_1_109' title='bbox 1024 1800 1096 1862; x_wconf 91' lang='lat' dir='ltr'><strong>in</strong></span> <span class='ocrx_word' id='word_1_110' title='bbox 1150 1819 1265 1863; x_wconf 87' lang='lat' dir='ltr'><strong>eos</strong></span> <span class='ocrx_word' id='word_1_111' title='bbox 1322 1796 1749 1884; x_wconf 69' lang='lat' dir='ltr'><strong>descripserat</strong></span> <span class='ocrx_word' id='word_1_112' title='bbox 1796 1799 2201 1885; x_wconf 82' lang='lat' dir='ltr'><strong>angustiores</strong></span> <span class='ocrx_word' id='word_1_113' title='bbox 2242 1798 2437 1878; x_wconf 84' lang='lat' dir='ltr'><strong>fines,</strong></span> <span class='ocrx_word' id='word_1_114' title='bbox 2492 1809 2568 1865; x_wconf 72' lang='lat' dir='ltr'><strong>ut</strong></span> 
     </span>
     <span class='ocr_line' id='line_1_15' title="bbox 357 1900 2569 1990; baseline 0.004 -26"><span class='ocrx_word' id='word_1_115' title='bbox 357 1900 753 1989; x_wconf 77' lang='lat' dir='ltr'><strong>significaret</strong></span> <span class='ocrx_word' id='word_1_116' title='bbox 806 1921 1014 1990; x_wconf 84' lang='lat' dir='ltr'><strong>genna</strong></span> <span class='ocrx_word' id='word_1_117' title='bbox 1067 1900 1390 1987; x_wconf 85' lang='lat' dir='ltr'><strong>quoddam</strong></span> <span class='ocrx_word' id='word_1_118' title='bbox 1446 1904 1713 1967; x_wconf 79' lang='lat' dir='ltr'><strong>rationis</strong></span> <span class='ocrx_word' id='word_1_119' title='bbox 1774 1911 1840 1966; x_wconf 91' lang='lat' dir='ltr'><strong>et</strong></span> <span class='ocrx_word' id='word_1_120' title='bbox 1900 1904 2287 1989; x_wconf 76' lang='lat' dir='ltr'><strong>cognitionis</strong></span> <span class='ocrx_word' id='word_1_121' title='bbox 2344 1925 2569 1972; x_wconf 83' lang='lat' dir='ltr'><strong>errore</strong></span> 
     </span>
     <span class='ocr_line' id='line_1_16' title="bbox 361 2002 2565 2093; baseline 0 -23"><span class='ocrx_word' id='word_1_122' title='bbox 361 2015 700 2081; x_wconf 76' lang='lat' dir='ltr'><strong>exemtnm3</strong></span> <span class='ocrx_word' id='word_1_123' title='bbox 755 2008 878 2071; x_wconf 90' lang='lat' dir='ltr'><strong>iam</strong></span> <span class='ocrx_word' id='word_1_124' title='bbox 935 2005 1050 2071; x_wconf 83' lang='lat' dir='ltr'><strong>ubi</strong></span> <span class='ocrx_word' id='word_1_125' title='bbox 1104 2002 1262 2071; x_wconf 83' lang='lat' dir='ltr'><strong>illud</strong></span> <span class='ocrx_word' id='word_1_126' title='bbox 1318 2003 1703 2072; x_wconf 82' lang='lat' dir='ltr'><strong>vocabulum</strong></span> <span class='ocrx_word' id='word_1_127' title='bbox 1759 2003 1997 2091; x_wconf 83' lang='lat' dir='ltr'><strong>legitur</strong></span> <span class='ocrx_word' id='word_1_128' title='bbox 2052 2004 2221 2091; x_wconf 87' lang='lat' dir='ltr'><strong>apud</strong></span> <span class='ocrx_word' id='word_1_129' title='bbox 2278 2006 2565 2093; x_wconf 82' lang='lat' dir='ltr'><strong>philoso-</strong></span> 
     </span>
     <span class='ocr_line' id='line_1_17' title="bbox 358 2106 2565 2198; baseline 0.002 -26"><span class='ocrx_word' id='word_1_130' title='bbox 358 2108 526 2197; x_wconf 86' lang='lat' dir='ltr'><strong>phos</strong></span> <span class='ocrx_word' id='word_1_131' title='bbox 569 2112 964 2195; x_wconf 80' lang='lat' dir='ltr'><strong>superiores,</strong></span> <span class='ocrx_word' id='word_1_132' title='bbox 1021 2132 1096 2176; x_wconf 85' lang='lat' dir='ltr'><strong>ex</strong></span> <span class='ocrx_word' id='word_1_133' title='bbox 1140 2109 1260 2188; x_wconf 79' lang='lat' dir='ltr'><strong>hac</strong></span> <span class='ocrx_word' id='word_1_134' title='bbox 1301 2130 1414 2173; x_wconf 85' lang='lat' dir='ltr'><strong>sua</strong></span> <span class='ocrx_word' id='word_1_135' title='bbox 1457 2106 1958 2195; x_wconf 85' lang='lat' dir='ltr'><strong>significatione,</strong></span> <span class='ocrx_word' id='word_1_136' title='bbox 2014 2129 2149 2173; x_wconf 86' lang='lat' dir='ltr'><strong>non</strong></span> <span class='ocrx_word' id='word_1_137' title='bbox 2194 2132 2269 2175; x_wconf 81' lang='lat' dir='ltr'><strong>ex</strong></span> <span class='ocrx_word' id='word_1_138' title='bbox 2310 2109 2565 2198; x_wconf 77' lang='lat' dir='ltr'><strong>vulgari</strong></span> 
     </span>
     <span class='ocr_line' id='line_1_18' title="bbox 359 2211 1975 2297; baseline -0.001 -18"><span class='ocrx_word' id='word_1_139' title='bbox 359 2213 754 2279; x_wconf 76' lang='lat' dir='ltr'><strong>Graecorum</strong></span> <span class='ocrx_word' id='word_1_140' title='bbox 799 2237 922 2280; x_wconf 76' lang='lat' dir='ltr'><strong>usn</strong></span> <span class='ocrx_word' id='word_1_141' title='bbox 961 2213 1218 2279; x_wconf 86' lang='lat' dir='ltr'><strong>illorum</strong></span> <span class='ocrx_word' id='word_1_142' title='bbox 1262 2213 1643 2278; x_wconf 77' lang='lat' dir='ltr'><strong>sententiam</strong></span> <span class='ocrx_word' id='word_1_143' title='bbox 1686 2211 1975 2297; x_wconf 80' lang='lat' dir='ltr'><strong>explicat.</strong></span> 
     </span>
    </p>

    <p class='ocr_par' dir='ltr' id='par_1_3' title="bbox 348 2312 2567 4593">
     <span class='ocr_line' id='line_1_19' title="bbox 495 2312 2567 2393; baseline 0.001 -11"><span class='ocrx_word' id='word_1_144' title='bbox 495 2319 705 2383; x_wconf 82' lang='grc' dir='ltr'><strong>1οῙοα</strong></span> <span class='ocrx_word' id='word_1_145' title='bbox 747 2320 784 2382; x_wconf 90' lang='lat'>1</span> <span class='ocrx_word' id='word_1_146' title='bbox 832 2315 1112 2384; x_wconf 68' lang='grc' dir='ltr'><strong><em>αἴτιον</em></strong></span> <span class='ocrx_word' id='word_1_147' title='bbox 1152 2318 1233 2383; x_wconf 75' lang='grc' dir='ltr'><strong>δὲ</strong></span> <span class='ocrx_word' id='word_1_148' title='bbox 1277 2355 1367 2368; x_wconf 92' lang='grc'>-</span> <span class='ocrx_word' id='word_1_149' title='bbox 1409 2318 1497 2381; x_wconf 79' lang='lat'><strong>35</strong></span> <span class='ocrx_word' id='word_1_150' title='bbox 1543 2312 1864 2393; x_wconf 80' lang='grc' dir='ltr'><strong><em>αὐτούς.</em></strong></span> <span class='ocrx_word' id='word_1_151' title='bbox 1952 2317 2045 2381; x_wconf 91' lang='lat' dir='ltr'><strong>Ut</strong></span> <span class='ocrx_word' id='word_1_152' title='bbox 2100 2337 2241 2382; x_wconf 87' lang='lat' dir='ltr'><strong>esse</strong></span> <span class='ocrx_word' id='word_1_153' title='bbox 2284 2315 2454 2384; x_wconf 85' lang='lat' dir='ltr'><strong>idem</strong></span> <span class='ocrx_word' id='word_1_154' title='bbox 2496 2329 2567 2385; x_wconf 84' lang='lat' dir='ltr'><strong>et</strong></span> 
     </span>
     <span class='ocr_line' id='line_1_20' title="bbox 358 2419 2566 2509; baseline 0.001 -23"><span class='ocrx_word' id='word_1_155' title='bbox 358 2419 548 2486; x_wconf 76' lang='lat' dir='ltr'><strong>simul</strong></span> <span class='ocrx_word' id='word_1_156' title='bbox 601 2442 737 2486; x_wconf 86' lang='lat' dir='ltr'><strong>non</strong></span> <span class='ocrx_word' id='word_1_157' title='bbox 793 2442 936 2488; x_wconf 89' lang='lat' dir='ltr'><strong>esse</strong></span> <span class='ocrx_word' id='word_1_158' title='bbox 994 2422 1245 2509; x_wconf 87' lang='lat' dir='ltr'><strong>quidam</strong></span> <span class='ocrx_word' id='word_1_159' title='bbox 1302 2430 1682 2498; x_wconf 69' lang='lat' dir='ltr'><strong>stamcnent,</strong></span> <span class='ocrx_word' id='word_1_160' title='bbox 1738 2420 1866 2485; x_wconf 88' lang='lat' dir='ltr'><strong>hoc</strong></span> <span class='ocrx_word' id='word_1_161' title='bbox 1918 2423 1986 2485; x_wconf 86' lang='lat' dir='ltr'><strong>in</strong></span> <span class='ocrx_word' id='word_1_162' title='bbox 2038 2442 2226 2486; x_wconf 78' lang='lat' dir='ltr'><strong>cansa</strong></span> <span class='ocrx_word' id='word_1_163' title='bbox 2272 2421 2416 2499; x_wconf 80' lang='lat' dir='ltr'><strong>suit,</strong></span> <span class='ocrx_word' id='word_1_164' title='bbox 2475 2425 2566 2488; x_wconf 83' lang='lat' dir='ltr'><strong>ait</strong></span> 
     </span>
     <span class='ocr_line' id='line_1_21' title="bbox 357 2525 2563 2613; baseline 0.001 -22"><span class='ocrx_word' id='word_1_165' title='bbox 357 2525 758 2605; x_wconf 78' lang='lat' dir='ltr'><strong>Aristoteles,</strong></span> <span class='ocrx_word' id='word_1_166' title='bbox 799 2525 991 2613; x_wconf 85' lang='lat' dir='ltr'><strong>quod,</strong></span> <span class='ocrx_word' id='word_1_167' title='bbox 1036 2549 1225 2613; x_wconf 87' lang='lat' dir='ltr'><strong>quum</strong></span> <span class='ocrx_word' id='word_1_168' title='bbox 1270 2527 1601 2591; x_wconf 83' lang='lat' dir='ltr'><strong>veritatem</strong></span> <span class='ocrx_word' id='word_1_169' title='bbox 1630 2527 2104 2613; x_wconf 74' lang='lat' dir='ltr'><strong>investigarent,</strong></span> <span class='ocrx_word' id='word_1_170' title='bbox 2150 2529 2334 2593; x_wconf 78' lang='lat' dir='ltr'><strong>unios</strong></span> <span class='ocrx_word' id='word_1_171' title='bbox 2366 2531 2563 2593; x_wconf 84' lang='lat' dir='ltr'><strong>sensi·</strong></span> 
     </span>
     <span class='ocr_line' id='line_1_22' title="bbox 357 2628 2565 2709; baseline 0.001 -14"><span class='ocrx_word' id='word_1_172' title='bbox 357 2628 519 2697; x_wconf 81' lang='lat' dir='ltr'><strong>biles</strong></span> <span class='ocrx_word' id='word_1_173' title='bbox 561 2652 667 2697; x_wconf 84' lang='lat' dir='ltr'><strong>res</strong></span> <span class='ocrx_word' id='word_1_174' title='bbox 711 2652 864 2696; x_wconf 76' lang='lat' dir='ltr'><strong>vere</strong></span> <span class='ocrx_word' id='word_1_175' title='bbox 910 2653 1051 2697; x_wconf 84' lang='lat' dir='ltr'><strong>esse</strong></span> <span class='ocrx_word' id='word_1_176' title='bbox 1095 2630 1552 2709; x_wconf 73' lang='lat' dir='ltr'><strong>iudicaverunt,</strong></span> <span class='ocrx_word' id='word_1_177' title='bbox 1604 2632 1673 2695; x_wconf 86' lang='lat' dir='ltr'><strong>in</strong></span> <span class='ocrx_word' id='word_1_178' title='bbox 1714 2631 1793 2695; x_wconf 86' lang='lat' dir='ltr'><strong>iis</strong></span> <span class='ocrx_word' id='word_1_179' title='bbox 1834 2639 2045 2697; x_wconf 75' lang='lat' dir='ltr'><strong>antem</strong></span> <span class='ocrx_word' id='word_1_180' title='bbox 2091 2631 2353 2696; x_wconf 83' lang='lat' dir='ltr'><strong>multum</strong></span> <span class='ocrx_word' id='word_1_181' title='bbox 2392 2635 2565 2697; x_wconf 85' lang='lat' dir='ltr'><strong>inest</strong></span> 
     </span>
     <span class='ocr_line' id='line_1_23' title="bbox 356 2734 2565 2821; baseline 0.001 -22"><span class='ocrx_word' id='word_1_182' title='bbox 356 2734 694 2815; x_wconf 84' lang='lat' dir='ltr'><strong>indefiniti,</strong></span> <span class='ocrx_word' id='word_1_183' title='bbox 738 2734 934 2800; x_wconf 85' lang='lat' dir='ltr'><strong>multa</strong></span> <span class='ocrx_word' id='word_1_184' title='bbox 976 2737 1210 2814; x_wconf 79' lang='lat' dir='ltr'><strong>insunt,</strong></span> <span class='ocrx_word' id='word_1_185' title='bbox 1253 2756 1420 2821; x_wconf 81' lang='lat' dir='ltr'><strong>quae</strong></span> <span class='ocrx_word' id='word_1_186' title='bbox 1452 2737 1742 2820; x_wconf 85' lang='lat' dir='ltr'><strong>potentia</strong></span> <span class='ocrx_word' id='word_1_187' title='bbox 1774 2746 2015 2800; x_wconf 87' lang='lat' dir='ltr'><strong>tantum</strong></span> <span class='ocrx_word' id='word_1_188' title='bbox 2046 2746 2209 2815; x_wconf 84' lang='lat' dir='ltr'><strong>sunt,</strong></span> <span class='ocrx_word' id='word_1_189' title='bbox 2251 2756 2385 2801; x_wconf 93' lang='lat' dir='ltr'><strong>non</strong></span> <span class='ocrx_word' id='word_1_190' title='bbox 2417 2746 2565 2802; x_wconf 76' lang='lat' dir='ltr'><strong>actu</strong></span> 
     </span>
     <span class='ocr_line' id='line_1_24' title="bbox 356 2832 2561 2925; baseline 0.002 -22"><span class='ocrx_word' id='word_1_191' title='bbox 356 2839 517 2919; x_wconf 82' lang='grc' dir='ltr'>(τοῦ</span> <span class='ocrx_word' id='word_1_192' title='bbox 548 2832 743 2915; x_wconf 77' lang='grc' dir='ltr'><strong><em>ὄντος</em></strong></span> <span class='ocrx_word' id='word_1_193' title='bbox 777 2833 984 2915; x_wconf 71' lang='grc' dir='ltr'><strong><em>οὕτως</em></strong></span> <span class='ocrx_word' id='word_1_194' title='bbox 1029 2835 1248 2925; x_wconf 64' lang='grc' dir='ltr'><strong><em>ὥσπερ</em></strong></span> <span class='ocrx_word' id='word_1_195' title='bbox 1292 2836 1557 2922; x_wconf 69' lang='grc' dir='ltr'><strong>εἴπομεν</strong></span> <span class='ocrx_word' id='word_1_196' title='bbox 1591 2839 1702 2917; x_wconf 64' lang='grc'><strong>«4,</strong></span> <span class='ocrx_word' id='word_1_197' title='bbox 1742 2838 1820 2904; x_wconf 77' lang='lat' dir='ltr'><strong>cf.</strong></span> <span class='ocrx_word' id='word_1_198' title='bbox 1866 2840 2071 2905; x_wconf 75' lang='grc' dir='ltr'>1009α</span> <span class='ocrx_word' id='word_1_199' title='bbox 2095 2842 2246 2921; x_wconf 85' lang='grc'>32).</span> <span class='ocrx_word' id='word_1_200' title='bbox 2310 2839 2561 2907; x_wconf 77' lang='lat' dir='ltr'><strong>Idcirco</strong></span> 
     </span>
     <span class='ocr_line' id='line_1_25' title="bbox 355 2940 2565 3029; baseline 0.001 -23"><span class='ocrx_word' id='word_1_201' title='bbox 355 2940 507 3007; x_wconf 83' lang='lat' dir='ltr'><strong>licet</strong></span> <span class='ocrx_word' id='word_1_202' title='bbox 547 2965 698 3008; x_wconf 82' lang='lat' dir='ltr'><strong>vera</strong></span> <span class='ocrx_word' id='word_1_203' title='bbox 743 2965 877 3010; x_wconf 89' lang='lat' dir='ltr'><strong>non</strong></span> <span class='ocrx_word' id='word_1_204' title='bbox 924 2942 1153 3020; x_wconf 76' lang='lat' dir='ltr'><strong>dicant,</strong></span> <span class='ocrx_word' id='word_1_205' title='bbox 1199 2955 1410 3025; x_wconf 78' lang='lat' dir='ltr'><strong>tamen</strong></span> <span class='ocrx_word' id='word_1_206' title='bbox 1452 2964 1584 3009; x_wconf 92' lang='lat' dir='ltr'><strong>non</strong></span> <span class='ocrx_word' id='word_1_207' title='bbox 1633 2964 1708 3009; x_wconf 80' lang='lat' dir='ltr'><strong>ea</strong></span> <span class='ocrx_word' id='word_1_208' title='bbox 1751 2944 2106 3029; x_wconf 84' lang='lat' dir='ltr'><strong>opprobria</strong></span> <span class='ocrx_word' id='word_1_209' title='bbox 2149 2947 2216 3008; x_wconf 89' lang='lat' dir='ltr'><strong>in</strong></span> <span class='ocrx_word' id='word_1_210' title='bbox 2261 2964 2376 3007; x_wconf 86' lang='lat' dir='ltr'><strong>eos</strong></span> <span class='ocrx_word' id='word_1_211' title='bbox 2411 2954 2565 3009; x_wconf 89' lang='lat' dir='ltr'><strong>sunt</strong></span> 
     </span>
     <span class='ocr_line' id='line_1_26' title="bbox 357 3046 2563 3135; baseline 0.001 -24"><span class='ocrx_word' id='word_1_212' title='bbox 357 3046 784 3126; x_wconf 87' lang='lat' dir='ltr'><strong>coniicienda,</strong></span> <span class='ocrx_word' id='word_1_213' title='bbox 841 3047 1072 3134; x_wconf 77' lang='lat' dir='ltr'><strong>quibus</strong></span> <span class='ocrx_word' id='word_1_214' title='bbox 1117 3047 1524 3134; x_wconf 81' lang='lat' dir='ltr'><strong>Epicharmus</strong></span> <span class='ocrx_word' id='word_1_215' title='bbox 1569 3047 2030 3135; x_wconf 79' lang='lat' dir='ltr'><strong>Xenophanem</strong></span> <span class='ocrx_word' id='word_1_216' title='bbox 2086 3051 2407 3117; x_wconf 84' lang='lat' dir='ltr'><strong>insecutus</strong></span> <span class='ocrx_word' id='word_1_217' title='bbox 2465 3059 2563 3114; x_wconf 84' lang='lat' dir='ltr'><strong>est</strong></span> 
     </span>
     <span class='ocr_line' id='line_1_27' title="bbox 358 3149 2562 3238; baseline 0.001 -23"><span class='ocrx_word' id='word_1_218' title='bbox 358 3152 566 3236; x_wconf 80' lang='lat' dir='ltr'><strong>(quae</strong></span> <span class='ocrx_word' id='word_1_219' title='bbox 612 3150 866 3238; x_wconf 73' lang='lat' dir='ltr'><strong>quidem</strong></span> <span class='ocrx_word' id='word_1_220' title='bbox 911 3149 1119 3237; x_wconf 83' lang='lat' dir='ltr'><strong>qualia</strong></span> <span class='ocrx_word' id='word_1_221' title='bbox 1167 3151 1418 3230; x_wconf 76' lang='lat' dir='ltr'><strong>fuerint,</strong></span> <span class='ocrx_word' id='word_1_222' title='bbox 1460 3157 1740 3219; x_wconf 87' lang='lat' dir='ltr'><strong>incertae</strong></span> <span class='ocrx_word' id='word_1_223' title='bbox 1785 3163 1885 3217; x_wconf 87' lang='lat' dir='ltr'><strong>est</strong></span> <span class='ocrx_word' id='word_1_224' title='bbox 1927 3154 2331 3219; x_wconf 86' lang='lat' dir='ltr'><strong>coniecturae</strong></span> <span class='ocrx_word' id='word_1_225' title='bbox 2372 3152 2562 3218; x_wconf 85' lang='lat' dir='ltr'><strong>relin-</strong></span> 
     </span>
     <span class='ocr_line' id='line_1_28' title="bbox 358 3254 2558 3340; baseline 0.001 -21"><span class='ocrx_word' id='word_1_226' title='bbox 358 3254 676 3340; x_wconf 70' lang='lat' dir='ltr'><strong>quendum</strong></span> <span class='ocrx_word' id='word_1_227' title='bbox 723 3255 803 3322; x_wconf 82' lang='lat' dir='ltr'><strong>cf.</strong></span> <span class='ocrx_word' id='word_1_228' title='bbox 835 3257 924 3321; x_wconf 90' lang='lat' dir='ltr'><strong><em>M</em></strong></span> <span class='ocrx_word' id='word_1_229' title='bbox 946 3258 1010 3321; x_wconf 86' lang='lat'><strong>9.</strong></span> <span class='ocrx_word' id='word_1_230' title='bbox 1042 3257 1250 3322; x_wconf 65' lang='grc'>10864</span> <span class='ocrx_word' id='word_1_231' title='bbox 1281 3259 1380 3322; x_wconf 85' lang='grc'><strong>16.</strong></span> <span class='ocrx_word' id='word_1_232' title='bbox 1448 3257 1671 3323; x_wconf 84' lang='lat' dir='ltr'><strong>Stallb.</strong></span> <span class='ocrx_word' id='word_1_233' title='bbox 1717 3255 1800 3322; x_wconf 90' lang='lat' dir='ltr'><strong>ad</strong></span> <span class='ocrx_word' id='word_1_234' title='bbox 1838 3256 2004 3335; x_wconf 66' lang='lat' dir='ltr'><strong>Rlat.</strong></span> <span class='ocrx_word' id='word_1_235' title='bbox 2045 3256 2310 3321; x_wconf 82' lang='lat' dir='ltr'><strong>Theaet.</strong></span> <span class='ocrx_word' id='word_1_236' title='bbox 2361 3259 2487 3322; x_wconf 75' lang='lat'><strong>152</strong></span> <span class='ocrx_word' id='word_1_237' title='bbox 2503 3278 2558 3322; x_wconf 87' lang='lat' dir='ltr'><strong>e.</strong></span> 
     </span>
     <span class='ocr_line' id='line_1_29' title="bbox 355 3359 2560 3447; baseline 0.001 -24"><span class='ocrx_word' id='word_1_238' title='bbox 355 3359 680 3425; x_wconf 76' lang='lat' dir='ltr'><strong>Hermam</strong></span> <span class='ocrx_word' id='word_1_239' title='bbox 723 3360 884 3426; x_wconf 88' lang='lat' dir='ltr'><strong>Plat.</strong></span> <span class='ocrx_word' id='word_1_240' title='bbox 930 3361 1102 3446; x_wconf 78' lang='lat' dir='ltr'><strong>Syst.</strong></span> <span class='ocrx_word' id='word_1_241' title='bbox 1147 3360 1194 3425; x_wconf 92' lang='lat'><strong>1.</strong></span> <span class='ocrx_word' id='word_1_242' title='bbox 1241 3383 1305 3446; x_wconf 88' lang='lat' dir='ltr'><strong>p.</strong></span> <span class='ocrx_word' id='word_1_243' title='bbox 1338 3362 1489 3427; x_wconf 81' lang='lat'><strong>3⁰5.</strong></span> <span class='ocrx_word' id='word_1_244' title='bbox 1566 3362 1815 3447; x_wconf 83' lang='lat' dir='ltr'><strong>Grysar</strong></span> <span class='ocrx_word' id='word_1_245' title='bbox 1856 3362 2020 3431; x_wconf 81' lang='lat' dir='ltr'><strong>Dor.</strong></span> <span class='ocrx_word' id='word_1_246' title='bbox 2066 3380 2227 3425; x_wconf 87' lang='lat' dir='ltr'><strong>com.</strong></span> <span class='ocrx_word' id='word_1_247' title='bbox 2273 3384 2337 3447; x_wconf 92' lang='lat' dir='ltr'><strong>p.</strong></span> <span class='ocrx_word' id='word_1_248' title='bbox 2370 3362 2560 3440; x_wconf 82' lang='lat'><strong>115),</strong></span> 
     </span>
     <span class='ocr_line' id='line_1_30' title="bbox 355 3464 2561 3551; baseline -0.001 -21"><span class='ocrx_word' id='word_1_249' title='bbox 355 3482 499 3531; x_wconf 83' lang='lat' dir='ltr'><strong>nam</strong></span> <span class='ocrx_word' id='word_1_250' title='bbox 544 3467 818 3551; x_wconf 86' lang='lat' dir='ltr'><strong>speciem</strong></span> <span class='ocrx_word' id='word_1_251' title='bbox 864 3474 1039 3530; x_wconf 88' lang='lat' dir='ltr'><strong>certe</strong></span> <span class='ocrx_word' id='word_1_252' title='bbox 1081 3467 1364 3531; x_wconf 85' lang='lat' dir='ltr'><strong>veritatis</strong></span> <span class='ocrx_word' id='word_1_253' title='bbox 1409 3484 1523 3529; x_wconf 81' lang='lat' dir='ltr'><strong>eos</strong></span> <span class='ocrx_word' id='word_1_254' title='bbox 1569 3474 1894 3529; x_wconf 81' lang='lat' dir='ltr'><strong>assecutos</strong></span> <span class='ocrx_word' id='word_1_255' title='bbox 1938 3485 2080 3528; x_wconf 86' lang='lat' dir='ltr'><strong>esse</strong></span> <span class='ocrx_word' id='word_1_256' title='bbox 2123 3464 2561 3529; x_wconf 86' lang='lat' dir='ltr'><strong>confitendum</strong></span> 
     </span>
     <span class='ocr_line' id='line_1_31' title="bbox 356 3564 2559 3656; baseline 0 -23"><span class='ocrx_word' id='word_1_257' title='bbox 356 3577 483 3647; x_wconf 75' lang='lat' dir='ltr'><strong>est,</strong></span> <span class='ocrx_word' id='word_1_258' title='bbox 533 3564 795 3645; x_wconf 67' lang='grc' dir='ltr'><strong>εἰκότως</strong></span> <span class='ocrx_word' id='word_1_259' title='bbox 835 3570 1097 3652; x_wconf 65' lang='grc' dir='ltr'><strong><em>λέγουσι</em></strong></span> <span class='ocrx_word' id='word_1_260' title='bbox 1133 3572 1245 3635; x_wconf 68' lang='lat'><strong>⁶5.</strong></span> <span class='ocrx_word' id='word_1_261' title='bbox 1335 3569 1470 3634; x_wconf 81' lang='lat' dir='ltr'><strong>lam</strong></span> <span class='ocrx_word' id='word_1_262' title='bbox 1514 3592 1707 3656; x_wconf 77' lang='lat' dir='ltr'><strong>quum</strong></span> <span class='ocrx_word' id='word_1_263' title='bbox 1748 3570 2114 3635; x_wconf 84' lang='lat' dir='ltr'><strong>mutationis</strong></span> <span class='ocrx_word' id='word_1_264' title='bbox 2161 3568 2559 3654; x_wconf 81' lang='lat' dir='ltr'><strong>potissimum</strong></span> 
     </span>
     <span class='ocr_line' id='line_1_32' title="bbox 353 3669 2561 3761; baseline -0.001 -24"><span class='ocrx_word' id='word_1_265' title='bbox 353 3683 578 3739; x_wconf 82' lang='lat' dir='ltr'><strong>natura</strong></span> <span class='ocrx_word' id='word_1_266' title='bbox 621 3675 690 3738; x_wconf 92' lang='lat' dir='ltr'><strong>in</strong></span> <span class='ocrx_word' id='word_1_267' title='bbox 735 3694 924 3738; x_wconf 83' lang='lat' dir='ltr'><strong>cansa</strong></span> <span class='ocrx_word' id='word_1_268' title='bbox 968 3672 1177 3752; x_wconf 73' lang='lat' dir='ltr'><strong>fuerit,</strong></span> <span class='ocrx_word' id='word_1_269' title='bbox 1223 3682 1294 3738; x_wconf 90' lang='lat' dir='ltr'><strong>ut</strong></span> <span class='ocrx_word' id='word_1_270' title='bbox 1336 3671 1589 3760; x_wconf 87' lang='lat' dir='ltr'><strong>quidam</strong></span> <span class='ocrx_word' id='word_1_271' title='bbox 1624 3675 1999 3761; x_wconf 85' lang='lat' dir='ltr'><strong>principium</strong></span> <span class='ocrx_word' id='word_1_272' title='bbox 2036 3669 2561 3736; x_wconf 83' lang='lat' dir='ltr'><strong>contradictionis</strong></span> 
     </span>
     <span class='ocr_line' id='line_1_33' title="bbox 354 3772 2559 3863; baseline -0.002 -20"><span class='ocrx_word' id='word_1_273' title='bbox 354 3786 426 3843; x_wconf 73' lang='lat' dir='ltr'><strong>et</strong></span> <span class='ocrx_word' id='word_1_274' title='bbox 467 3798 718 3843; x_wconf 79' lang='lat' dir='ltr'><strong>omnem</strong></span> <span class='ocrx_word' id='word_1_275' title='bbox 761 3799 1021 3863; x_wconf 84' lang='lat' dir='ltr'><strong>prorsus</strong></span> <span class='ocrx_word' id='word_1_276' title='bbox 1066 3779 1352 3843; x_wconf 83' lang='lat' dir='ltr'><strong>veritatis</strong></span> <span class='ocrx_word' id='word_1_277' title='bbox 1397 3780 1818 3844; x_wconf 69' lang='lat' dir='ltr'><strong>constantiam</strong></span> <span class='ocrx_word' id='word_1_278' title='bbox 1864 3775 2181 3852; x_wconf 88' lang='lat' dir='ltr'><strong>tollerent,</strong></span> <span class='ocrx_word' id='word_1_279' title='bbox 2234 3772 2319 3839; x_wconf 85' lang='lat' dir='ltr'><strong>de</strong></span> <span class='ocrx_word' id='word_1_280' title='bbox 2361 3785 2559 3839; x_wconf 80' lang='lat' dir='ltr'><strong>muta-</strong></span> 
     </span>
     <span class='ocr_line' id='line_1_34' title="bbox 354 3876 2559 3968; baseline -0.002 -22"><span class='ocrx_word' id='word_1_281' title='bbox 354 3882 534 3946; x_wconf 76' lang='lat' dir='ltr'><strong>tione</strong></span> <span class='ocrx_word' id='word_1_282' title='bbox 577 3880 799 3968; x_wconf 77' lang='lat' dir='ltr'><strong>paullo</strong></span> <span class='ocrx_word' id='word_1_283' title='bbox 845 3880 1139 3947; x_wconf 80' lang='lat' dir='ltr'><strong>subtilius</strong></span> <span class='ocrx_word' id='word_1_284' title='bbox 1185 3880 1485 3967; x_wconf 75' lang='lat' dir='ltr'><strong>disputat.</strong></span> <span class='ocrx_word' id='word_1_285' title='bbox 1576 3882 1744 3948; x_wconf 82' lang='lat' dir='ltr'><strong>Alibi</strong></span> <span class='ocrx_word' id='word_1_286' title='bbox 1791 3879 2175 3947; x_wconf 87' lang='lat' dir='ltr'><strong>Aristoteles</strong></span> <span class='ocrx_word' id='word_1_287' title='bbox 2222 3876 2559 3943; x_wconf 78' lang='lat' dir='ltr'><strong>difficulta-</strong></span> 
     </span>
     <span class='ocr_line' id='line_1_35' title="bbox 352 3984 2559 4072; baseline -0.001 -22"><span class='ocrx_word' id='word_1_288' title='bbox 352 3996 468 4062; x_wconf 84' lang='lat' dir='ltr'><strong>tes,</strong></span> <span class='ocrx_word' id='word_1_289' title='bbox 511 4007 673 4071; x_wconf 86' lang='lat' dir='ltr'><strong>qnae</strong></span> <span class='ocrx_word' id='word_1_290' title='bbox 717 3984 1041 4051; x_wconf 81' lang='lat' dir='ltr'><strong>veteribus</strong></span> <span class='ocrx_word' id='word_1_291' title='bbox 1085 3984 1488 4072; x_wconf 83' lang='lat' dir='ltr'><strong>philosophis</strong></span> <span class='ocrx_word' id='word_1_292' title='bbox 1533 3986 1639 4052; x_wconf 82' lang='lat' dir='ltr'><strong>vel</strong></span> <span class='ocrx_word' id='word_1_293' title='bbox 1680 3989 1895 4052; x_wconf 85' lang='lat' dir='ltr'><strong>invitis</strong></span> <span class='ocrx_word' id='word_1_294' title='bbox 1946 3984 2249 4049; x_wconf 86' lang='lat' dir='ltr'><strong>subortae</strong></span> <span class='ocrx_word' id='word_1_295' title='bbox 2295 3995 2477 4048; x_wconf 84' lang='lat' dir='ltr'><strong>erant</strong></span> <span class='ocrx_word' id='word_1_296' title='bbox 2520 4004 2559 4048; x_wconf 89' lang='lat' dir='ltr'><strong>e</strong></span> 
     </span>
     <span class='ocr_line' id='line_1_36' title="bbox 351 4087 2559 4175; baseline -0.002 -20"><span class='ocrx_word' id='word_1_297' title='bbox 351 4093 731 4168; x_wconf 82' lang='lat' dir='ltr'><strong>mutatione,</strong></span> <span class='ocrx_word' id='word_1_298' title='bbox 787 4088 1086 4175; x_wconf 66' lang='lat' dir='ltr'><strong>expeAEm</strong></span> <span class='ocrx_word' id='word_1_299' title='bbox 1144 4110 1368 4155; x_wconf 80' lang='lat' dir='ltr'><strong>omnes</strong></span> <span class='ocrx_word' id='word_1_300' title='bbox 1423 4089 1544 4155; x_wconf 83' lang='lat' dir='ltr'><strong>sibi</strong></span> <span class='ocrx_word' id='word_1_301' title='bbox 1588 4090 1843 4156; x_wconf 82' lang='lat' dir='ltr'><strong>videtur</strong></span> <span class='ocrx_word' id='word_1_302' title='bbox 1885 4087 2075 4154; x_wconf 87' lang='lat' dir='ltr'><strong>illatis</strong></span> <span class='ocrx_word' id='word_1_303' title='bbox 2119 4091 2448 4174; x_wconf 84' lang='lat' dir='ltr'><strong>potentiae</strong></span> <span class='ocrx_word' id='word_1_304' title='bbox 2492 4096 2559 4151; x_wconf 86' lang='lat' dir='ltr'><strong>et</strong></span> 
     </span>
     <span class='ocr_line' id='line_1_37' title="bbox 352 4192 2559 4279; baseline -0.002 -20"><span class='ocrx_word' id='word_1_305' title='bbox 352 4203 556 4271; x_wconf 75' lang='lat' dir='ltr'><strong>acme,</strong></span> <span class='ocrx_word' id='word_1_306' title='bbox 613 4195 911 4259; x_wconf 81' lang='lat' dir='ltr'><strong>materiae</strong></span> <span class='ocrx_word' id='word_1_307' title='bbox 957 4203 1023 4259; x_wconf 88' lang='lat' dir='ltr'><strong>et</strong></span> <span class='ocrx_word' id='word_1_308' title='bbox 1063 4194 1308 4260; x_wconf 79' lang='lat' dir='ltr'><strong>formae</strong></span> <span class='ocrx_word' id='word_1_309' title='bbox 1360 4193 1902 4271; x_wconf 85' lang='lat' dir='ltr'><strong>distinctionibus,</strong></span> <span class='ocrx_word' id='word_1_310' title='bbox 1963 4193 2043 4258; x_wconf 77' lang='lat' dir='ltr'><strong>cf.</strong></span> <span class='ocrx_word' id='word_1_311' title='bbox 2090 4193 2284 4279; x_wconf 80' lang='lat' dir='ltr'><strong>Phys.</strong></span> <span class='ocrx_word' id='word_1_312' title='bbox 2329 4192 2360 4257; x_wconf 95' lang='lat'>1</span> <span class='ocrx_word' id='word_1_313' title='bbox 2403 4192 2446 4255; x_wconf 83' lang='lat'>8</span> <span class='ocrx_word' id='word_1_314' title='bbox 2494 4200 2559 4255; x_wconf 79' lang='lat' dir='ltr'><strong>ct</strong></span> 
     </span>
     <span class='ocr_line' id='line_1_38' title="bbox 351 4296 2556 4387; baseline -0.001 -27"><span class='ocrx_word' id='word_1_315' title='bbox 351 4296 434 4361; x_wconf 89' lang='lat' dir='ltr'><strong>ad</strong></span> <span class='ocrx_word' id='word_1_316' title='bbox 482 4299 691 4363; x_wconf 68' lang='lat' dir='ltr'><strong>lousa</strong></span> <span class='ocrx_word' id='word_1_317' title='bbox 711 4298 820 4376; x_wconf 76' lang='lat'><strong>32,</strong></span> <span class='ocrx_word' id='word_1_318' title='bbox 864 4298 990 4362; x_wconf 89' lang='lat' dir='ltr'><strong>hoc</strong></span> <span class='ocrx_word' id='word_1_319' title='bbox 1033 4309 1241 4364; x_wconf 84' lang='lat' dir='ltr'><strong>autem</strong></span> <span class='ocrx_word' id='word_1_320' title='bbox 1285 4298 1437 4364; x_wconf 84' lang='lat' dir='ltr'><strong>loeo</strong></span> <span class='ocrx_word' id='word_1_321' title='bbox 1483 4297 1597 4363; x_wconf 81' lang='lat' dir='ltr'><strong>nbi</strong></span> <span class='ocrx_word' id='word_1_322' title='bbox 1640 4297 1706 4363; x_wconf 89' lang='lat' dir='ltr'><strong>id</strong></span> <span class='ocrx_word' id='word_1_323' title='bbox 1752 4301 1976 4387; x_wconf 83' lang='lat' dir='ltr'><strong>agitur,</strong></span> <span class='ocrx_word' id='word_1_324' title='bbox 2020 4308 2094 4362; x_wconf 85' lang='lat' dir='ltr'><strong>ut</strong></span> <span class='ocrx_word' id='word_1_325' title='bbox 2136 4317 2219 4361; x_wconf 88' lang='lat' dir='ltr'><strong>ne</strong></span> <span class='ocrx_word' id='word_1_326' title='bbox 2265 4317 2382 4382; x_wconf 82' lang='lat' dir='ltr'><strong>per</strong></span> <span class='ocrx_word' id='word_1_327' title='bbox 2424 4315 2556 4359; x_wconf 88' lang='lat' dir='ltr'><strong>mu-</strong></span> 
     </span>
     <span class='ocr_line' id='line_1_39' title="bbox 349 4396 2555 4489; baseline -0.002 -22"><span class='ocrx_word' id='word_1_328' title='bbox 349 4403 658 4469; x_wconf 80' lang='lat' dir='ltr'><strong>tationem</strong></span> <span class='ocrx_word' id='word_1_329' title='bbox 699 4401 966 4468; x_wconf 75' lang='lat' dir='ltr'><strong>definits</strong></span> <span class='ocrx_word' id='word_1_330' title='bbox 1007 4402 1256 4489; x_wconf 79' lang='lat' dir='ltr'><strong>sibique</strong></span> <span class='ocrx_word' id='word_1_331' title='bbox 1301 4403 1438 4488; x_wconf 81' lang='lat' dir='ltr'><strong>ipsa</strong></span> <span class='ocrx_word' id='word_1_332' title='bbox 1484 4413 1785 4473; x_wconf 81' lang='lat' dir='ltr'><strong>constans</strong></span> <span class='ocrx_word' id='word_1_333' title='bbox 1826 4403 2109 4467; x_wconf 70' lang='lat' dir='ltr'><strong>veritatis</strong></span> <span class='ocrx_word' id='word_1_334' title='bbox 2146 4409 2370 4465; x_wconf 83' lang='lat' dir='ltr'><strong>natura</strong></span> <span class='ocrx_word' id='word_1_335' title='bbox 2410 4396 2555 4463; x_wconf 83' lang='lat' dir='ltr'><strong>tolli</strong></span> 
     </span>
     <span class='ocr_line' id='line_1_40' title="bbox 348 4500 2555 4593; baseline -0.003 -20"><span class='ocrx_word' id='word_1_336' title='bbox 348 4503 671 4585; x_wconf 63' lang='lat' dir='ltr'><strong>videatur,</strong></span> <span class='ocrx_word' id='word_1_337' title='bbox 727 4505 853 4572; x_wconf 83' lang='lat' dir='ltr'><strong>alia</strong></span> <span class='ocrx_word' id='word_1_338' title='bbox 895 4509 1149 4574; x_wconf 83' lang='lat' dir='ltr'><strong>ratione</strong></span> <span class='ocrx_word' id='word_1_339' title='bbox 1191 4510 1418 4584; x_wconf 78' lang='lat' dir='ltr'><strong>utitur3</strong></span> <span class='ocrx_word' id='word_1_340' title='bbox 1473 4509 1677 4593; x_wconf 80' lang='lat' dir='ltr'><strong>ipsam</strong></span> <span class='ocrx_word' id='word_1_341' title='bbox 1728 4508 1893 4573; x_wconf 87' lang='lat' dir='ltr'><strong>enim</strong></span> <span class='ocrx_word' id='word_1_342' title='bbox 1936 4506 2344 4571; x_wconf 84' lang='lat' dir='ltr'><strong>mutationem</strong></span> <span class='ocrx_word' id='word_1_343' title='bbox 2390 4500 2555 4567; x_wconf 77' lang='lat' dir='ltr'><strong>redi-</strong></span> 
     </span>
    </p>
   </div>
  </div>
 </body>
</html>
