3109 5175
573 364 716 442 182
1401 364 1477 435 Γ
1513 361 1587 436 2.
1667 360 1939 438 100411.

567 545 735 609 viam
790 540 969 629 qnasi
1011 548 1199 627 parat
1237 536 1693 628 philosophiae
1738 538 1815 605 ef.
1866 540 2035 627 Top.
2080 540 2111 605 1
2157 542 2219 605 1.
2264 547 2331 606 et
2373 536 2456 604 ad
2500 537 2568 606 Β
2610 539 2778 616 init-3

568 646 911 735 sophistica
955 665 1115 710 vero
1163 665 1295 723 ars,
1354 665 1544 731 quum
1588 642 1890 733 neglecta
1933 646 2203 710 veritate
2246 646 2522 732 speciem
2567 651 2783 730 captet

567 752 884 829 veritatis,
929 751 1068 837 ipsa
1114 746 1460 836 quaerendi
1505 747 1868 828 voluntate,
1920 750 2046 815 τοῦ
2083 747 2240 832 βίον
2283 748 2361 839 τῇ
2401 751 2785 831 προαιρέσει

567 856 715 934 ὂ24,
759 855 1056 941 opposita
1102 864 1200 918 est
1246 852 1720 940 philosophiae.
1792 852 1872 919 cf.
1911 856 2079 939 Top.
2111 852 2268 917 VIll
2318 853 2634 917 11.162a
2670 853 2780 916 16.

570 960 711 1026 ἔστι
752 958 822 1023 δὲ
856 995 946 1008 -
984 950 1289 1045 σόφισμα
1334 950 1771 1042 συλλογισμὸς·
1813 952 2150 1040 ἐριστικός.
2208 955 2409 1043 Soph.
2441 955 2685 1021 elench.
2719 955 2783 1019 1.

573 1065 739 1130 165·
762 1063 879 1127 21.
924 1062 1061 1125 ἔστι
1101 1083 1231 1148 γαρ
1273 1056 1318 1140 ἡ
1354 1079 1706 1149 σοφιστικη
1738 1065 2109 1151 φαινομένη
2141 1063 2353 1149 σοφία
2382 1049 2553 1126 οὖσα
2585 1055 2647 1124 δ’
2682 1051 2782 1124 οὔ.

569 1167 634 1232 2.
666 1168 827 1231 165⁶
852 1167 921 1231 7.
958 1165 1266 1249 ἑριστικοὶ
1301 1160 1361 1228 δ’
1397 1167 1522 1244 (sc.
1562 1164 1990 1248 συλλογισμοί
2025 1167 2222 1245 εὶσιν)
2258 1166 2321 1230 οἱ
2357 1167 2427 1226 ἐκ
2461 1164 2592 1228 τῶν
2624 1185 2786 1252 φαι-

570 1272 866 1353 νομένων
921 1262 1206 1346 ἐνδόξων
1260 1261 1354 1351 μὴ
1412 1260 1626 1334 ὄντων
1669 1268 1739 1333 δὲ
1784 1268 2261 1352 συλλογιστικοὶ
2301 1259 2349 1347 ἢ
2391 1260 2787 1354 φαινόμενοι

572 1372 1069 1455 συλλογιστικοί.
1140 1372 1243 1437 11.
1289 1371 1446 1436 17Ιὸ
1480 1373 1541 1437 7.
1609 1372 1797 1438 Rhet.
1837 1373 1867 1437 Ι
1915 1375 1974 1438 1.
2021 1373 2224 1438 1355&
2254 1373 2333 1437 17
2347 1396 2363 1435 ε
2410 1367 2448 1436 ὁ
2491 1363 2621 1458 γὰρ
2666 1389 2786 1435 σο-

572 1468 877 1568 φιστικός
920 1471 1039 1542 οὐκ
1082 1479 1154 1541 ἐν
1196 1475 1277 1560 τῇ
1319 1469 1593 1560 δυνάμει
1634 1472 1782 1541 ἀλλ’
1820 1481 1892 1543 ἐν
1933 1477 2014 1569 τῇ
2060 1477 2481 1560 προιαιρέσει.

709 1580 912 1645 100411
956 1581 1036 1645 17
1090 1587 1439 1664 σημεῖον
1498 1580 1580 1645 δὲ
1631 1618 1719 1632 —-
1761 1582 1852 1646 22
1901 1584 2188 1647 οἰκεῖα.
2277 1577 2664 1666 Sylburgius
2721 1583 2788 1642 et

574 1703 795 1749 omnes
851 1693 1003 1770 post
1060 1704 1201 1748 eum
1260 1682 1544 1750 editores
1604 1684 1797 1749 verba
1848 1681 1893 1764 ἡ
1936 1677 2066 1768 γὰρ
2111 1675 2464 1773 σοφιστικὴ
2509 1719 2591 1735 --
2635 1680 2787 1768 περὶ

572 1781 888 1852 ἁπάντων
929 1788 1327 1875 parenthesis
1371 1790 1574 1876 signis
1618 1787 2040 1863 incluserunt;
2086 1786 2201 1854 sed
2247 1788 2546 1873 quoniam
2586 1784 2786 1849 verba

574 1893 640 1958 οί
686 1890 1078 1958 διαλεκτικοὶ
1134 1892 1552 1976 διαλέγονται
1606 1894 1758 1981 περὶ
1808 1887 2121 1958 ἁπάντων
2164 1894 2254 1957 ita
2300 1890 2380 1956 ad
2427 1892 2784 1956 universam

479 2051 484 2056 ,
574 1997 1128 2061 ratiocinationem
1186 1999 1512 2082 pertinent
1554 2007 1629 2062 ut
1670 1996 1750 2062 ab
1797 2018 1871 2062 ca
1917 1995 2160 2062 secludi
2204 2004 2552 2083 nequeant,
2611 1993 2787 2079 equi·

574 2096 719 2165 dem
749 2102 818 2165 in
843 2100 1005 2166 Obs.
1039 2098 1122 2164 ad
1147 2101 1302 2166 Met.
1333 2124 1396 2187 p.
1427 2103 1511 2166 12
1541 2102 1946 2190 parenthesin
1979 2111 2132 2187 post
2160 2102 2373 2191 σοφία
2402 2100 2544 2164 ἐστι’
2574 2095 2786 2163 claudi

575 2202 921 2268 volueram.
1011 2205 1196 2267 Hanc
1237 2206 1550 2270 rationem
1598 2208 1739 2270 iure
1782 2204 2259 2291 reprehendens
2293 2200 2787 2269 Winckelman-

574 2325 694 2370 nus
723 2308 792 2369 in
824 2327 1086 2372 censura
1116 2306 1317 2372 libelli
1347 2311 1472 2374 mei
1503 2310 1711 2389 (Jahn
1738 2308 1961 2373 Jahrb.
1995 2309 2186 2375 1843.
2216 2310 2496 2374 XXXIX.
2524 2329 2591 2394 p.
2612 2306 2779 2388 283)

578 2409 829 2476 extendi
860 2414 1078 2498 potius
1108 2413 1519 2499 parenthesin
1551 2412 1730 2478 iubet
1764 2434 1965 2499 usqne
2004 2411 2086 2477 ad
2123 2412 2320 2478 verba
2357 2406 2434 2478 τὸ
2473 2406 2552 2477 ὅν
2589 2415 2785 2490 ἐστιν,

577 2515 764 2601 quam
810 2513 1063 2603 quidem
1111 2519 1430 2582 enunciati
1473 2517 2044 2584 conformationem
2105 2520 2291 2583 etiam
2336 2513 2784 2604 Schweglerus

575 2617 660 2684 ad
691 2619 753 2685 h.
786 2620 830 2686 l.
870 2622 1167 2708 praefert.
1235 2621 1368 2687 Sed
1411 2625 1465 2687 si
1510 2621 1663 2708 quid
1700 2621 1891 2688 video
1930 2643 2062 2688 non
2102 2632 2376 2710 possunt
2411 2620 2546 2686 ullo
2585 2618 2783 2685 modo

574 2724 971 2809 parenthesis
1026 2727 1211 2814 signa
1262 2728 1352 2791 ita
1395 2728 1579 2813 poni,
1639 2734 1711 2791 ut
1753 2749 1824 2792 re
1865 2748 2049 2807 vera,
2106 2747 2269 2814 quae
2323 2746 2543 2791 eorum
2590 2722 2787 2789 debet

573 2828 671 2890 vis
717 2846 875 2907 esse,
920 2826 1241 2918 legentem
1288 2829 1609 2896 adiuvent.
1680 2832 1776 2896 Ita
1825 2833 1992 2896 enim
2039 2851 2327 2897 connexa
2373 2840 2472 2894 est
2506 2850 2581 2895 ea
2619 2849 2784 2915 quae

573 2931 1005 3018 interponitur
1057 2934 1443 3021 sophisticae
1499 2938 1652 3000 artis
1698 2934 2036 3022 explicatio
2083 2958 2225 3001 cum
2268 2938 2406 3021 ipsa
2452 2953 2785 3021 argumen-

575 3037 844 3115 tatione,
888 3049 962 3101 nt
1005 3038 1368 3124 ubicunque
1413 3040 1810 3125 parenthesis
1856 3042 2040 3128 sig-na
2083 3042 2403 3127 posueris,
2460 3048 2668 3103 tamen
2713 3039 2782 3101 in

577 3137 819 3225 reliqua
884 3144 1333 3206 enunciatione
1385 3143 1744 3208 referantur
1802 3142 2108 3228 quaedam
2165 3141 2250 3206 ad
2304 3141 2503 3209 verba
2555 3160 2784 3228 paren-

576 3240 741 3307 thesi
784 3242 1047 3309 inclusa.
1133 3245 1482 3332 Propterea
1538 3248 1699 3312 haec
1753 3249 1936 3334 signa
1992 3257 2066 3312 ut
2119 3268 2342 3335 parum
2389 3258 2533 3333 apta
2580 3247 2784 3325 omisi,

578 3356 643 3411 et
687 3354 834 3413 ante
878 3346 1294 3432 διαλέγονται
1337 3352 1408 3418 δὲ
1453 3351 1622 3433 colo,
1668 3372 1801 3416 non
1847 3362 2087 3439 puncto
2126 3351 2398 3430 distinxi,
2441 3355 2587 3439 quia
2624 3352 2784 3416 haec

576 3449 772 3515 verba
829 3454 1128 3539 opposita
1185 3464 1333 3521 sunt
1389 3455 1827 3542 superioribus
1888 3450 2135 3522 ταύτὸν
2187 3458 2311 3541 μὲν
2362 3451 2782 3522 ὑποδύονται.

575 3552 879 3622 Ceterum
948 3562 1152 3625 omnis
1219 3559 1378 3626 haec
1444 3564 1884 3626 controversia
1951 3560 2105 3625 inde
2171 3559 2426 3626 videtur
2477 3580 2783 3639 manasse,

484 3704 488 3708 »
576 3659 750 3746 quod
794 3665 933 3748 ipse
977 3666 1248 3749 scriptor
1290 3669 1748 3731 sententiarum
1784 3663 2075 3730 ordinem
2115 3684 2250 3731 non
2287 3667 2436 3730 satis
2476 3675 2652 3730 recte
2687 3666 2783 3728 in-

576 3766 797 3829 stituit.
888 3764 1019 3831 Ubi
1066 3770 1231 3832 enim
1286 3770 1692 3857 sophisticam
1751 3768 2115 3855 descripsit,
2170 3765 2214 3849 ἡ
2257 3762 2386 3854 γὰρ
2433 3761 2782 3857 σοφιστικὴ

576 3871 945 3988 φαινομένη
980 3865 1192 3955 μόνον
1231 3875 1442 3963 σοφία
1478 3878 1636 3953 ἐστι’,
1682 3872 1962 3938 debebat
1995 3875 2202 3937 statim
2240 3871 2609 3937 dialecticae
2638 3869 2784 3936 sub-

574 3973 766 4036 iicere
811 3971 1305 4060 descriptionem
1348 3977 1461 4043 καὶ
1513 3973 1557 4058 ἡ
1603 3971 1968 4056 διαλεκτικὴ
2012 3972 2426 4064 πειραστική,
2484 3986 2553 4042 et
2607 3972 2784 4062 quod

576 4074 811 4140 deinde
856 4074 1201 4144 dialecticis
1246 4080 1467 4145 tribuit
1510 4082 1927 4165 διαλέγονται
1967 4082 2119 4166 περὶ
2162 4076 2504 4159 ἁπάντων,
2558 4073 2784 4147 κοινὰν

575 4178 646 4244 δὲ
692 4181 859 4245 πᾶσι
901 4176 977 4245 τὸ
1024 4174 1103 4248 ὅν
1145 4187 1312 4263 ἐστι,
1357 4184 1524 4251 idem
1571 4185 1651 4251 ad
1697 4186 2017 4271 sophistas
2064 4193 2129 4250 et
2170 4186 2346 4272 ipsos
2392 4194 2528 4249 erat
2573 4193 2784 4248 exten-

576 4280 871 4349 dendum.
939 4286 1118 4352 Haec
1153 4292 1474 4376 scriptoris
1512 4289 1908 4379 negligentia
1946 4293 2365 4377 interpretum
2402 4286 2661 4353 videtur
2693 4286 2784 4352 ef-

572 4385 800 4453 fecisse
845 4386 1213 4456 dissensum.

708 4493 911 4559 10041»
935 4496 1018 4560 27
1054 4497 1170 4559 ἔτι
1203 4497 1358 4561 τῶν
1394 4499 1793 4563 ἐναντίων
1830 4534 1910 4549 -
1947 4498 2225 4563 1005a8
2261 4493 2583 4581 ὁμοίως.
2640 4495 2785 4559 Phi-

574 4590 911 4682 losophiae
969 4619 1110 4663 esse
1167 4603 1379 4664 omnia
1438 4611 1503 4665 et
1552 4621 1788 4667 vocare
1830 4605 1900 4667 in
1945 4604 2382 4688 quaestionem
2430 4609 2495 4665 et
2541 4618 2784 4687 cogno-
