3109 5175
548 351 649 427 66
1406 351 1482 422 Α
1532 348 1601 422 3.
1676 347 1826 422 984
1839 371 1906 421 α.

547 532 827 594 ximenes
859 536 1189 605 statuerat,
1231 527 1382 589 satis
1420 533 1702 601 constat,
1746 523 1824 587 cf.
1862 521 2136 587 Brandis
2176 520 2220 586 l.
2256 521 2301 587 l.
2341 544 2406 609 p.
2448 523 2575 589 159
2606 542 2759 608 sqq„

550 653 672 697 nec
716 631 936 696 fallere
973 651 1095 694 nos
1131 628 1325 694 debet
1353 627 1527 715 quod
1560 626 1955 704 Aristoteles,
2002 647 2194 712 quum
2229 629 2497 689 rescissa
2529 647 2650 689 suo
2682 646 2759 690 ex

548 734 777 801 ordine
839 744 905 799 et
961 743 1259 800 contextu
1316 742 1602 796 veterum
1647 730 2174 817 philosophorum
2219 728 2449 814 placita
2496 733 2562 794 in
2608 728 2762 793 alie-

551 862 699 905 num
745 840 1040 925 impingit
1085 848 1151 901 et
1194 857 1375 901 suum
1419 838 1485 898 in
1531 856 1711 898 usum
1757 837 2100 911 convertit,
2157 832 2475 897 interdum
2520 856 2554 896 a
2600 836 2762 897 veri-

548 954 680 1008 tate
726 942 1112 1027 aliquantum
1158 938 1458 1017 deflectit,
1503 937 1583 1001 cf.
1623 935 1836 1001 Zeller
1865 937 2025 1003 Phil.
2075 937 2136 1001 d.
2170 936 2284 1002 Gr.
2327 937 2378 999 1.
2424 960 2485 1022 p.
2521 939 2650 1002 158
2695 949 2762 1002 et

546 1047 713 1111 infra
745 1043 827 1109 ad
851 1047 1004 1110 1130.
1050 1047 1112 1109 5.
1144 1043 1313 1108 986⁶
1344 1043 1444 1106 17.
1491 1044 1554 1106 6.
1585 1042 1745 1106 98Ἱὸ
1774 1043 1857 1105 14
1889 1038 1969 1104 al.
2028 1039 2452 1127 Empedocles
2484 1040 2760 1126 denique

549 1172 738 1236 quum
772 1159 1046 1234 quatuor
1074 1146 1528 1232 simplicissima
1563 1165 1837 1230 corpora
1869 1147 2256 1208 coniunctim
2287 1147 2760 1230 proprincipiis

546 1263 837 1340 poneret,
875 1273 950 1316 ea
981 1263 1236 1315 aeterna
1269 1260 1336 1314 et
1362 1252 1683 1314 immutata
1714 1270 1988 1326 manere,
2026 1269 2234 1333 neque
2263 1248 2655 1326 alteratione,
2690 1258 2762 1313 ut

546 1358 908 1442 superiores
950 1353 1341 1441 physiologi,
1388 1353 1467 1417 cl'.
1514 1351 1597 1417 ad
1641 1353 1804 1417 983⁶
1842 1353 2103 1430 6-18,
2146 1350 2261 1415 sed
2308 1355 2760 1417 coniunctione

548 1469 616 1524 et
658 1459 1084 1523 disiunctione
1131 1457 1588 1522 elementorum
1619 1454 1903 1543 singulas
1934 1477 2139 1520 rerum
2184 1455 2416 1520 formas
2459 1459 2760 1520 exsistere

547 1566 815 1642 censuit,
860 1561 938 1626 cf.
971 1562 1026 1626 A
1058 1564 1118 1624 1.
1154 1562 1361 1626 1015a
1393 1564 1453 1624 l:
1499 1556 1698 1648 φύσις
1741 1553 2027 1634 οὐθενός
2070 1563 2246 1623 ἐστιν
2282 1553 2541 1639 ἐόντων,
2586 1553 2759 1623 ἀλλὰ

544 1663 760 1751 μόνον
805 1662 982 1749 μῖξίς
1023 1686 1093 1729 τε
1138 1660 1475 1742 διάλλαξίς
1518 1685 1588 1728 τε
1632 1650 1967 1745 μιγέντων.
2059 1664 2241 1726 Hanc
2283 1664 2350 1725 in
2395 1666 2759 1727 universum

549 1791 690 1835 esse
735 1770 1111 1833 sententiam
1155 1768 1496 1832 verborum
1539 1766 1753 1830 ταῦτα
1790 1758 1920 1850 γὰρ
1957 1761 2062 1829 ἀεὶ
2094 1803 2176 1816 -
2207 1764 2277 1845 ἐξ
2309 1762 2459 1842 ἑνός
2488 1767 2753 1831 49-11

547 1872 734 1937 facile
766 1882 1055 1959 apparet3
1101 1869 1217 1936 sed
1262 1868 1495 1956 duplex
1533 1881 1827 1955 superest
1863 1867 2196 1949 dubitatio,
2241 1873 2561 1954 quaeritur
2592 1871 2757 1934 enim

544 1985 757 2040 utrum
805 1979 890 2053 ἔν,
934 1970 1082 2052 ἑνός
1124 1973 1209 2038 ad
1254 1976 1590 2059 sphaerum
1636 1975 1978 2058 pertineat,
2021 1976 2088 2038 in
2135 1996 2319 2061 quem
2362 1995 2574 2038 rerum
2619 1976 2759 2038 uni-

544 2082 815 2144 versitas
861 2081 1173 2144 amicitiae
1216 2081 1279 2142 vi
1326 2076 1647 2155 coalescit,
1692 2080 1773 2141 'au
1819 2075 1901 2141 ad
1945 2077 2226 2165 singulas
2265 2099 2473 2142 rerum
2505 2077 2757 2156 formas,

545 2192 613 2247 et
666 2181 863 2254 verba
918 2178 1172 2261 πλήθει
1228 2183 1341 2246 καὶ
1391 2176 1724 2264 ὀλιγότητι
1769 2193 1974 2246 utrum
2022 2204 2162 2247 cum
2205 2182 2563 2266 γίγνεσθαι
2607 2202 2757 2245 con-

545 2283 877 2373 iungenda
920 2287 1050 2348 sint
1094 2305 1174 2348 au
1221 2306 1361 2348 cum
1406 2306 1466 2348 ν.
1498 2278 1973 2369 συγκρινόμενα
2004 2286 2116 2350 καὶ
2154 2277 2634 2370 διακρινόμενα,
2676 2286 2756 2348 si-

545 2387 799 2475 quidem
861 2386 1111 2452 diversa
1164 2409 1372 2451 rerum
1418 2397 1644 2451 natura
1689 2386 1770 2450 ab
1819 2388 2212 2474 Empedocle
2256 2391 2344 2453 ita
2390 2386 2756 2473 explicatur,

544 2490 719 2578 quod
756 2489 953 2555 modo
1000 2491 1217 2577 plures
1250 2488 1446 2554 modo
1485 2493 1822 2575 pauciores
1861 2491 2258 2580 singulorum
2299 2491 2753 2556 elementorum

540 2605 755 2682 partes
789 2598 965 2659 varia
999 2598 1249 2659 ratione
1284 2597 1350 2659 in
1386 2615 1512 2659 una
1548 2616 1619 2658 re
1655 2599 1996 2660 coniuncta
2030 2599 2173 2675 siut,
2209 2596 2288 2660 cf.
2326 2598 2408 2662 ad
2446 2600 2548 2663 10.
2584 2600 2753 2663 993³

548 2702 629 2764 17
661 2721 796 2786 sqq.
868 2700 1174 2785 Exposita
1210 2700 1753 2784 interpretationis
1789 2703 2111 2778 varietate,
2150 2722 2315 2785 quae
2344 2700 2498 2766 inde
2534 2704 2755 2781 oritur,

544 2801 905 2868 Alexander
941 2800 1023 2866 ad
1060 2802 1119 2865 h.
1151 2801 1192 2865 l.
1223 2825 1284 2888 p.
1315 2802 1418 2879 22,
1462 2802 1705 2866 1--12
1749 2824 1881 2867 rem
1925 2806 1994 2868 in
2034 2803 2244 2869 medio
2283 2804 2555 2890 reliquit.
2621 2804 2753 2870 Iam

537 2927 695 2971 vero
742 2911 812 2972 ἓν
856 2906 993 2968 sine
1030 2905 1298 2970 articulo
1329 2914 1697 2990 usurpatum
1728 2926 1868 2971 esse
1900 2905 1982 2971 ad
2012 2907 2497 2994 significandum
2527 2909 2753 2995 sphae-

537 3032 677 3075 rum
721 3011 823 3073 vix
869 3018 966 3072 est
1009 3007 1375 3093 probabile,
1428 3018 1495 3072 et
1538 3011 1747 3094 aptius
1793 3009 1940 3073 huic
1981 3008 2131 3074 loco
2177 3011 2455 3090 videtur,
2516 3015 2573 3076 si
2616 3015 2754 3077 uni·

539 3135 760 3178 versus
789 3115 1154 3176 mutationis
1187 3111 1507 3187 decursus,
1550 3131 1735 3197 quam
1764 3115 1821 3176 si
1852 3124 2124 3178 extrema
2158 3125 2397 3180 tantum
2428 3119 2494 3180 iu
2525 3115 2755 3201 sphae-

538 3238 675 3283 rum
708 3218 1075 3280 coniunctio
1110 3225 1481 3301 exponatur.
1533 3216 1744 3301 Atque
1783 3211 2034 3296 πλήθει
2066 3219 2179 3283 καὶ
2215 3214 2546 3302 ὀλιγότητι
2579 3221 2634 3283 si
2668 3218 2752 3284 ad

538 3312 1016 3407 συγκρινόμενα
1058 3321 1169 3383 καὶ
1213 3313 1679 3404 διακρινόμενα
1723 3321 1944 3385 referri
1992 3320 2182 3394 et,de
2226 3327 2401 3386 varia
2438 3326 2750 3388 mistionis

537 3425 790 3487 ratione
832 3419 1107 3508 intelligi
1150 3422 1385 3500 voluit,
1444 3423 1782 3488 admodum
1843 3425 2112 3489 obscure
2170 3425 2422 3490 locutus
2475 3447 2616 3490 esse
2661 3428 2750 3489 vi-

540 3524 812 3591 debitur.
904 3523 1124 3609 Quare
1181 3526 1469 3612 equidem
1528 3527 1724 3592 verba
1782 3530 1874 3591 sic
1923 3527 2201 3592 arbitror
2242 3528 2747 3616 interpretanda:

535 3631 696 3695 baec
739 3629 1049 3695 elementa
1094 3650 1349 3694 manere
1387 3650 1509 3693 uec
1542 3629 1726 3693 aliam
1775 3633 1895 3695 nisi
1939 3631 2353 3697 multitudinis
2400 3644 2466 3697 et
2510 3636 2748 3719 exigui-

537 3736 680 3799 tatis
725 3731 942 3797 subire
988 3734 1425 3812 mutationem,
1481 3738 1696 3819 prouti
1750 3733 1947 3799 modo
2007 3735 2378 3800 coalescunt
2420 3738 2608 3800 unius
2652 3739 2747 3801 rei

536 3840 603 3901 in
641 3835 862 3912 forma,
904 3833 1099 3899 modo
1148 3856 1221 3899 ex
1268 3857 1343 3900 ea
1383 3836 1849 3925 disiunguntur.
1916 3836 2012 3903 Ita
2051 3839 2243 3925 plane
2281 3843 2579 3905 concinet
2607 3840 2748 3903 Ari-

537 3937 787 4003 stotelis
833 3940 1112 4002 narratio
1160 3960 1302 4003 cum
1345 3940 1636 4006 versibus
1670 3941 2118 4028 Empedocleis
2160 3945 2490 4025 93÷104
2536 3944 2743 4009 Sturz.

540 4042 915 4107 138—149
945 4041 1176 4120 Karst.‚
1221 4063 1297 4108 ex
1342 4043 1570 4130 quibus
1614 4049 1960 4133 praecipue
2006 4050 2264 4112 extremi
2305 4049 2585 4133 quinque
2620 4046 2746 4111 huc

534 4146 883 4232 pertinent:

868 4298 1036 4362 οὕτως
1069 4292 1108 4377 ᾗ
1142 4304 1236 4373 μὲν
1272 4302 1324 4357 ἓν
1356 4306 1409 4356 ἐκ
1448 4302 1674 4359 πλεόνων
1707 4304 1990 4378 μεμάθηκε
2029 4306 2288 4379 φύεσθαι,

869 4382 959 4457 ἠδὲ
995 4386 1152 4442 πάλιν
1188 4388 1473 4461 διαφύντος
1507 4391 1621 4451 ἓνός
1657 4388 1837 4447 πλέον’
1862 4397 2242 4457 ἓκτελέθουσιν,

867 4472 936 4546 τῇ
972 4478 1066 4544 μὲν
1100 4478 1373 4544 γίγνονταί
1405 4497 1464 4530 τε
1501 4479 1593 4530 καὶ
1629 4474 1693 4530 οὔ
1730 4496 1911 4552 σφισιν
1947 4481 2170 4548 ἔμπεδος
2203 4474 2355 4532 αἰών·
