3109 5175
573 383 719 460 572
1399 385 1481 456 N
1528 381 1592 456 1.
1674 379 1864 496 loss
1883 380 1947 454 b.

576 559 695 627 cim
751 554 947 636 ὄντος
1000 553 1178 636 πρὸς
1231 560 1355 624 τοῦ
1407 553 1553 636 ἑνὸς
1608 554 1777 623 καθ’
1814 551 1982 623 αὐτὸ
2026 554 2258 634 οὐσίας
2296 558 2431 637 03)
2487 577 2611 622 nec
2659 577 2788 643 pro

574 666 887 752 principio
931 662 1151 727 haberi
1196 665 1419 749 possit.
1460 699 1547 712 —
1594 663 1825 749 Longe
1871 660 2130 727 uberius
2176 671 2243 727 et
2286 659 2656 749 diligentius
2701 660 2790 726 de

577 767 795 833 eadem
840 789 913 832 re
960 766 1263 852 explicuit
1307 768 1355 832 I
1379 770 1438 833 1.
1469 769 1530 845 2,
1577 766 1656 830 cf.
1700 786 1991 851 prooem.
2037 789 2099 852 p.
2131 767 2239 832 27.
2271 799 2358 811 -
2399 766 2493 830 ⁶8
2538 759 2686 832 οἷον
2731 770 2792 831 εὶ

575 873 774 947 ἵππος
803 872 936 936 κτλ.
982 872 1063 937 ci.
1098 871 1179 937 de
1216 868 1628 937 emendandis
1657 871 1755 934 his
1785 869 1999 935 verbis
2014 869 2174 937 Obs.
2198 892 2264 955 p.
2282 869 2526 935 126.-
2561 871 2696 934 ⁶11
2729 873 2792 934 st

576 972 633 1038 δ’
662 969 1029 1058 ἅνθρωπος
1061 978 1195 1041 κτλ.
1269 976 1425 1041 Non
1458 972 1647 1039 facile
1676 972 2331 1060 induxeritqnispiam
2364 975 2653 1050 animum,
2700 976 2792 1038 ait

577 1078 703 1155 Ar„
736 1072 856 1143 τὸν
885 1073 1273 1164 ἄνθρωπον,
1307 1072 1385 1145 τὸ
1416 1073 1663 1156 λευκόν,
1695 1072 1773 1143 τὸ
1802 1078 2098 1162 βαδίζον,
2141 1089 2475 1142 numerare
2511 1089 2576 1141 et
2604 1079 2790 1163 quasi

578 1180 796 1247 eadem
842 1202 1133 1246 mensura
1178 1185 1404 1259 metiri,
1450 1185 1595 1268 quia
1634 1202 1768 1247 non
1802 1190 2023 1267 potest
2050 1180 2402 1246 substantia
2433 1180 2790 1268 computari

578 1308 718 1352 cum
763 1285 1225 1362 accidentibu33
1272 1285 1501 1372 quodsi
1538 1289 1678 1371 quis
1714 1284 1780 1349 id
1811 1284 2023 1350 facere
2053 1288 2422 1372 susceperit,
2466 1288 2790 1349 communi

578 1390 847 1477 quadam
875 1392 1161 1469 notione,
1206 1412 1369 1476 quae
1413 1388 1494 1455 ad
1533 1390 1690 1454 haec
1728 1393 1944 1455 omnia
1969 1393 2209 1475 pariter
2236 1392 2570 1475 pertineat,
2615 1410 2789 1453 com-

578 1492 919 1581 plectenda
962 1504 1126 1572 sunt,
1171 1493 1368 1559 veluti
1412 1497 1687 1582 generiS,
1731 1496 1770 1557 i.
1805 1513 1860 1556 e.
1908 1495 2301 1580 categoriae,
2347 1492 2452 1557 vel
2497 1493 2658 1559 alius
2703 1497 2788 1558 si-

578 1596 758 1678 milis,
792 1598 947 1678 013,
986 1599 1097 1674 143
1144 1599 1229 1662 ita
1274 1619 1581 1686 generum
1629 1608 1865 1663 certum
1908 1597 2223 1684 quendam
2261 1596 2635 1679 habebimus
2674 1620 2789 1664 nu·

579 1721 861 1768 merum:

709 1807 795 1890 d)
842 1807 1054 1872 1088oe
1079 1809 1422 1873 15—513.
1501 1807 1836 1872 Materiale
1871 1809 2245 1893 principium
2282 1804 2456 1892 quod
2497 1828 2639 1874 esse
2675 1828 2789 1872 vo-

579 1910 835 1977 luerunt
877 1909 1266 1976 indefinitam
1312 1913 1524 2000 magni
1571 1921 1637 1975 et
1677 1914 1861 1998 parvi
1908 1910 2214 1998 dyadem,
2266 1909 2465 1997 longe
2509 1932 2790 1976 recesse-

579 2025 730 2080 runt
764 2015 842 2079 ab
881 2037 980 2094 eu,
1022 2014 1197 2102 quod
1227 2020 1540 2081 communi
1575 2020 1853 2082 omnium
1885 2037 2204 2080 consensu
2235 2013 2693 2100 comprobatur
2722 2024 2792 2079 et

579 2118 754 2206 quod
792 2123 1052 2184 omnino
1090 2141 1230 2185 esse
1265 2129 1483 2206 potest
1517 2123 1681 2199 (τῶν
1714 2115 2084 2186 δοκούντων
2119 2121 2230 2184 καὶ
2265 2120 2563 2184 δυνατῶν
2594 2122 2786 2197 σ16).

579 2221 780 2308 Quod
824 2222 976 2288 dicit
1014 2227 1178 2289 ⁶15:
1240 2227 1303 2289 οἱ
1360 2225 1430 2289 δὲ
1487 2217 1564 2287 τὸ
1616 2217 1851 2290 ἄνισον
1895 2221 1983 2299 ὡς
2027 2229 2095 2288 ἓν
2139 2246 2232 2300 τι,
2288 2217 2416 2302 τὴν
2456 2220 2672 2288 δυάδα
2715 2224 2787 2289 δὲ

579 2322 894 2414 ἀόριστον
937 2329 1278 2403 ποιοῦντες
1319 2323 1612 2411 μεγάλου
1654 2329 1765 2391 καὶ
1807 2327 2061 2411 μικροῦ,
2105 2325 2264 2392 duas
2309 2331 2475 2391 inter
2517 2349 2590 2392 se
2634 2348 2788 2391 con·

577 2432 789 2518 iungit
832 2441 897 2495 et
938 2452 1056 2516 per
1097 2440 1256 2514 part.
1304 2430 1375 2494 δέ
1421 2436 1622 2517 (qnae
1668 2451 1800 2494 non
1845 2430 2101 2497 videtur
2143 2453 2284 2496 cum
2318 2429 2557 2496 Trend.
2590 2429 2671 2494 de
2701 2429 2785 2494 id.

578 2558 640 2622 p.
669 2535 756 2601 62
803 2532 1148 2601 omittenda
1196 2538 1378 2613 esse)
1424 2537 1698 2623 opponit
1739 2534 2073 2616 formulas,
2131 2535 2359 2623 quibus
2402 2534 2571 2601 idem
2615 2536 2787 2621 prin-

581 2642 811 2726 cipium
848 2638 1166 2705 Platonici
1209 2638 1747 2727 significaverunt,
1794 2642 2100 2727 siqttidem
2147 2638 2304 2706 illud
2349 2639 2458 2704 vei
2501 2660 2627 2705 una
2671 2659 2786 2703 no-

581 2746 761 2809 tione
805 2741 933 2822 (ὡς
979 2748 1046 2808 ἔν
1088 2744 1192 2823 τι)
1240 2743 1862 2830 comprehenderunt
1904 2740 2324 2824 ἀνισότητος,
2383 2766 2506 2830 qua
2560 2742 2787 2808 indefi-

581 2851 712 2914 nita
760 2850 896 2913 eius
939 2858 1163 2913 natura
1209 2845 1651 2928 denotaretur,
1708 2847 1812 2913 vel
1868 2847 2222 2935 ambiguam
2278 2850 2414 2912 eius
2457 2851 2788 2932 potentiae

581 2965 869 3019 naturam
916 2952 1113 3039 dyadi
1156 2956 1367 3041 magni
1394 2962 1480 3016 -et
1520 2955 1703 3039 parvi
1746 2952 2118 3031 tribuerunt,
2165 2953 2244 3016 cf.
2278 2953 2482 3017 10871»
2507 2953 2565 3017 7.
2600 2952 2687 3015 lo
2722 2961 2789 3016 et

582 3057 666 3122 ad
698 3059 745 3122 I
767 3062 827 3124 5.
862 3060 1072 3122 1056a
1100 3060 1204 3122 10.
1276 3055 1531 3120 Deinde
1575 3077 1733 3121 vero
1782 3056 1891 3121 ubi
1935 3055 2098 3121 falso
2144 3057 2270 3121 hoc
2313 3077 2434 3142 pro
2472 3057 2785 3141 principio

579 3160 741 3247 poni
788 3159 1194 3238 demonstrat,
1240 3159 1504 3224 alterum
1550 3159 1747 3225 modo
1794 3163 2084 3247 principii
2127 3181 2360 3227 nomen
2390 3162 2661 3245 respicit,
2705 3152 2786 3223 τὸ

581 3267 750 3349 μέγα
793 3265 906 3328 καὶ
948 3258 1210 3350 μικρόν,
1268 3286 1343 3327 ac
1395 3263 1598 3329 tribus
1644 3268 2037 3352 potissimum
2084 3285 2159 3329 ea
2206 3264 2288 3329 de
2332 3284 2404 3329 re
2447 3267 2650 3329 utitur
2691 3283 2786 3327 ar-

583 3371 917 3456 gumentis.

714 3474 988 3537 Primum
1036 3474 1219 3553 enim,
1255 3474 1608 3555 ‹217—21,
1660 3494 1953 3563 magnum
2001 3484 2068 3538 et
2109 3494 2373 3560 parvum
2408 3473 2786 3539 affectiones

583 3587 731 3642 sunt
773 3576 876 3642 vel
923 3598 1324 3642 numerorum
1373 3576 1475 3640 vel
1517 3590 1912 3643 extensarum
1943 3577 2465 3665 magnitudinum,
2508 3575 2788 3661 ideoque

582 3701 717 3745 non
765 3691 1038 3766 possunt
1080 3702 1200 3767 pro
1246 3685 1574 3768 principiis
1617 3686 1694 3746 iis
1724 3681 1965 3760 subiici,
2011 3682 2090 3747 ci.
2124 3683 2213 3747 M
2233 3685 2294 3747 9.
2331 3682 2540 3746 loe5a
2561 3682 2668 3744 21.
2701 3716 2787 3729 -—

580 3784 863 3863 Deinde,
904 3787 1267 3864 ‹121-64,
1306 3806 1605 3874 magnum
1651 3797 1716 3850 et
1758 3808 2018 3872 parvum
2065 3784 2334 3850 relativo
2379 3789 2791 3849 continentur

581 3910 851 3977 genere3
908 3894 1079 3975 atqui
1126 3882 1212 3955 τὰ
1256 3884 1421 3976 πρός
1464 3913 1555 3967 τι,
1607 3894 1906 3975 quoniam
1953 3910 2205 3975 semper
2250 3889 2419 3954 alind
2464 3888 2786 3975 quidpiam

584 3997 925 4078 requirunt,
973 3997 1073 4057 cui
1116 3994 1504 4073 inhaereant,
1541 3995 1693 4073 028,
1740 3996 1992 4059 minime
2037 3997 2315 4059 omnium
2361 4003 2644 4079 possunt,
2667 4010 2787 4077 pro

583 4096 953 4161 substantiis
978 4097 1216 4175 haberi,
1251 4100 1406 4177 «123,
1442 4099 1520 4163 cf.
1555 4098 1634 4162 ad
1665 4101 1741 4163 A
1773 4101 1835 4163 4.
1866 4099 2075 4163 10700
2101 4100 2207 4163 34.
2286 4097 2460 4163 Idem
2492 4099 2680 4160 etiam
2714 4116 2789 4159 ex

584 4222 664 4267 eo
711 4212 928 4287 potest
970 4203 1297 4287 cognosci,
1344 4203 1517 4289 quod
1564 4198 1642 4266 τὸ
1686 4196 1852 4285 πρός
1894 4222 1957 4265 τι
2001 4200 2160 4265 nulli
2211 4223 2285 4266 ex
2327 4199 2626 4267 omnibus
2659 4218 2791 4263 mu-

584 4310 843 4370 tationis
888 4304 1236 4394 generibus
1282 4304 1404 4386 (de
1449 4307 1677 4392 quibus
1723 4305 1799 4369 cf.
1847 4303 1930 4369 ad
1967 4310 2042 4370 A
2078 4307 2140 4370 2.
2183 4307 2387 4371 1069&
2409 4308 2493 4385 9)
2539 4303 2793 4369 subiici-

585 4418 701 4487 tur,
746 4409 825 4473 cf.
857 4410 923 4475 J<
957 4411 1060 4475 12.
1092 4411 1306 4475 1068α
1332 4411 1434 4474 ll.
1480 4409 1757 4495 Phys.v
1789 4410 1851 4473 2.
1879 4409 2044 4473 225ὂ
2067 4411 2174 4474 11.
2235 4409 2461 4495 ltaque
2489 4410 2790 4493 quoniam

582 4507 668 4577 τὰ
704 4508 870 4599 πρός
904 4536 966 4577 τι
1003 4535 1123 4579 nec
1160 4516 1450 4599 potentia
1484 4534 1610 4579 nec
1643 4523 1788 4579 actu
1819 4522 1972 4579 sunt
2001 4511 2413 4593 substantiae,
2446 4509 2790 4581 aben-dum
