3109 5175
1139 395 1219 465 Α
1263 392 1335 466 9.
1408 393 1637 469 99οὑ.
2344 398 2481 475 113

280 563 477 646 κροῦ,
521 563 604 628 ad
646 586 852 653 genus
895 563 1254 645 relativum,
1297 562 1384 633 τὰ
1425 566 1593 657 πρός
1633 593 1729 651 τι,
1771 570 2111 639 referenda
2154 585 2270 655 est,
2309 574 2482 642 unde

279 671 723 754 consequitur,
777 677 852 733 ut
891 634 986 733 ss
1025 668 1313 737 Platonis
1367 670 1657 739 doctrina
1713 678 1890 762 prius
1944 680 2029 741 sit
2083 669 2165 742 τὸ
2210 673 2377 763 πρός
2416 702 2482 743 τι

274 773 439 851 (int.
474 764 552 836 τὸ
588 776 761 855 μέγα
797 774 910 837 καὶ
944 769 1219 856 μικρόν)
1263 777 1386 841 τοῦ
1422 775 1592 843 καθ’
1630 774 1795 844 αὑτό
1840 782 1922 857 (i.
1954 801 2011 844 e.
2056 782 2187 846 τῶν
2230 781 2479 862 wadio:

275 895 414 938 non
459 895 652 960 posse
696 885 904 939 autem
949 885 1091 953 τοῖς
1131 872 1298 963 πρός
1339 901 1404 942 τι
1448 882 1872 946 exsistentiam
1912 904 2031 969 per
2073 904 2145 947 se
2184 883 2293 948 vel
2332 882 2483 950 sub·

273 981 548 1044 stantiae
594 978 963 1066 dignitatem
1008 979 1215 1058 tribui,
1260 981 1641 1048 Aristoteles
1684 1006 1806 1071 pro
1852 997 2030 1051 certo
2068 985 2274 1064 habet,
2318 990 2396 1053 Ν
2418 989 2478 1053 1.

274 1083 492 1147 1088«
514 1084 622 1148 22.
667 1083 811 1147 Eth.
847 1084 988 1148 Nic.
1027 1083 1057 1147 1
1097 1086 1159 1148 4.
1208 1087 1416 1150 109611
1446 1088 1553 1151 20.
1622 1088 1984 1155 Alexander
2025 1090 2155 1155 hoc
2192 1083 2270 1155 τὸ
2313 1085 2482 1177 πρός·

267 1209 338 1250 τι
381 1185 464 1251 ad
507 1190 707 1272 ipsam
754 1184 982 1272 dyadis
1028 1190 1356 1252 notionem
1388 1193 1710 1274 pertinere
1740 1193 2095 1273 arbitratur,
2141 1215 2264 1279 qua
2292 1194 2476 1260 Plato

269 1288 600 1355 materiale
634 1290 921 1357 idearum
954 1292 1330 1377 principium
1366 1293 1847 1381 significaverit3
1885 1317 2025 1362 esse
2063 1298 2229 1361 enim
2262 1318 2481 1362 nume-

269 1416 411 1461 rum
459 1415 533 1458 ex
579 1415 820 1481 genere
863 1392 1153 1473 relativo,
1199 1399 1254 1459 εὶ
1298 1391 1336 1459 ὁ
1367 1391 1668 1484 ἀριθμὸς
1694 1394 1863 1484 πρός
1890 1423 1954 1464 τι
1979 1401 2115 1465 κτλ.
2144 1423 2205 1486 p.
2236 1402 2341 1478 63,
2367 1402 2474 1467 32.

268 1496 408 1563 Sed
451 1497 579 1562 hoc
622 1497 845 1563 dubito
891 1518 1039 1562 num
1086 1507 1260 1563 recte
1305 1519 1380 1563 ex
1412 1501 1772 1567 Aristotelis
1813 1505 2127 1568 sententia
2160 1502 2479 1570 iudicave-

267 1603 381 1676 rit3
427 1604 474 1666 ii
518 1612 690 1666 certe
734 1600 880 1679 Ioci,
924 1601 1152 1687 quibus
1180 1601 1625 1691 Schweglerus
1659 1604 1743 1669 ad
1778 1606 1838 1669 h.
1874 1605 1917 1670 1.
1962 1625 2265 1671 numeros
2308 1628 2480 1673 com-

267 1704 552 1790 probare
594 1703 734 1770 vult
766 1704 848 1770 ab
882 1703 1227 1770 Aristotele
1272 1704 1353 1770 ad
1396 1729 1602 1795 genus
1646 1707 1977 1774 relativum
2022 1709 2249 1774 referri
2290 1713 2385 1790 (A
2411 1712 2475 1778 2.

269 1809 487 1874 1013·
521 1810 628 1875 28.
692 1811 792 1875 15.
826 1811 1027 1875 10200
1056 1811 1145 1875 32
1173 1831 1309 1896 sqq.
1323 1817 1367 1890 ),
1412 1832 1548 1876 nou
1592 1811 1675 1877 ad
1719 1815 1898 1898 ipsos
1942 1833 2244 1879 numeros
2287 1819 2479 1901 perti-

267 1923 458 1991 nent,
513 1911 627 1977 sed
673 1912 755 1978 ad
800 1916 1079 1980 rationes
1125 1935 1548 1979 numerorum.
1596 1951 1679 1965 —
1737 1914 1876 1979 Alia
1934 1916 2249 1982 eiusmodi
2294 1939 2478 2004 argu-

265 2024 482 2080 menta
529 2014 795 2103 collegit
837 2017 1018 2084 Alex.
1062 2017 1143 2082 ad
1191 2018 1250 2082 h.
1294 2016 1368 2094 1.,
1418 2019 1615 2102 petita
1661 2016 1831 2082 haud
1877 2016 2070 2083 dubie
2114 2039 2190 2084 ex
2233 2020 2475 2086 Aristo-

267 2116 414 2183 telis
459 2118 642 2183 libris
687 2118 769 2185 de
813 2120 993 2202 ideis,
1037 2121 1117 2186 cf.
1161 2143 1226 2206 p.
1256 2121 1361 2198 63,
1394 2123 1497 2185 16.

402 2223 568 2287 990⁶
593 2223 680 2288 22
715 2225 831 2288 ἔτι
861 2217 1072 2289 κατὰ
1103 2226 1248 2308 μὲν
1278 2216 1425 2303 τὴν
1458 2261 1541 2275 -
1571 2227 1741 2290 9914
1765 2227 1811 2291 8
1837 2225 2300 2313 ἐπιβλέψας
2334 2222 2476 2293 αὐ-

263 2326 446 2392 τῶν.
516 2325 714 2411 Quod
749 2338 936 2393 antea
969 2327 1247 2395 breviter
1273 2326 1657 2415 significavit
1686 2329 1811 2393 ⁶11
1846 2351 1920 2393 ex
1951 2329 2307 2394 rationibus
2338 2329 2477 2395 Pla-

265 2430 504 2493 tonicis
547 2451 946 2517 consequens
993 2455 1150 2511 esse,
1193 2443 1264 2498 ut
1302 2431 1561 2495 aliarum
1593 2434 1779 2495 etiam
1807 2452 2020 2496 rerum
2046 2443 2302 2519 praeter
2329 2432 2478 2498 suh-

266 2535 533 2599 stantias
579 2534 920 2620 ponendae
961 2539 1090 2602 sint
1132 2535 1346 2614 ideae,
1387 2533 1559 2600 idem
1603 2537 1725 2599 iam
1769 2533 2031 2601 uberius
2076 2539 2364 2623 exponit,
2411 2547 2478 2602 et

267 2639 355 2702 ita
413 2636 670 2722 quidem
725 2649 797 2704 ut
852 2643 1020 2705 inter
1074 2662 1145 2705 se
1199 2650 1486 2726 opponat
1543 2659 1621 2703 ea
1671 2659 1833 2724 quae
1878 2649 2356 2726 consequuntur
2398 2659 2475 2704 ex

267 2745 657 2828 argumentis
686 2743 1161 2808 Platonicorum
1197 2742 1280 2807 ad
1316 2739 1902 2808 commonstrandas
1940 2741 2115 2808 ideas
2154 2746 2476 2828 pertinen-

268 2844 470 2924 tibus,
529 2855 598 2910 et
650 2866 726 2909 ea
775 2868 936 2930 quae
982 2857 1414 2912 consentanea
1457 2855 1607 2910 sunt
1648 2847 1986 2910 universae
2029 2845 2474 2932 philosophiae

265 2946 441 3013 illius
499 2959 764 3014 naturae
821 2961 888 3015 et
940 2949 1162 3015 indoli.
1249 2949 1320 3015 Si
1371 2970 1448 3014 ea
1488 2958 1888 3035 argumenta,
1944 2952 2033 3013 ait
2076 2948 2474 3028 Aristoteles,

267 3063 642 3117 constanter
681 3065 1020 3132 tenemus‚-
1045 3074 1082 3116 a
1127 3053 1353 3138 quibus
1395 3051 1670 3137 profecti
1714 3050 1900 3117 Plato
1943 3050 2121 3118 ideas
2167 3071 2306 3116 esse
2351 3061 2476 3117 sta-

268 3158 406 3233 tuit,
448 3150 619 3221 κατὰ
662 3159 783 3239 μὲν
825 3151 947 3237 τὴν
987 3149 1328 3244 ὑπόληψιν
1367 3192 1446 3208 -
1488 3155 1681 3234 ἰδέας,
1728 3155 2003 3221 efficitur
2044 3166 2117 3221 ut
2157 3177 2294 3221 non
2329 3155 2477 3221 sub-

268 3261 634 3324 stantiarum
680 3258 904 3340 solum,
950 3258 1064 3325 sed
1110 3261 1298 3323 etiam
1345 3257 1606 3323 aliarum
1645 3280 1853 3324 rerum
1892 3269 2219 3345 ponantur
2255 3258 2474 3335 ideae;

270 3360 445 3445 quod
489 3384 678 3448 quum
716 3362 1444 3450 supra‘demonsttatum
1483 3365 1567 3427 sit
1600 3364 1945 3439 blo-15,
1991 3384 2108 3449 per
2140 3361 2476 3449 parenthe-

269 3468 368 3529 sin
413 3468 479 3530 in
523 3469 885 3531 memoriam
941 3466 1303 3555 legentibus
1355 3476 1619 3531 revocat
1650 3466 2009 3530 1124-272
2064 3467 2177 3530 καὶ
2218 3459 2350 3550 γὰρ
2396 3456 2473 3528 τὸ

268 3563 489 3651 νόημα
538 3606 618 3622 -
665 3571 1013 3654 συμβαίνει
1053 3572 1348 3636 τοιαῦτα.
1435 3570 1583 3650 (De
1626 3568 1828 3633 verbo
1874 3569 2221 3651 συμβαίνει
2265 3567 2343 3631 cf.
2391 3565 2472 3631 ad

268 3672 330 3735 8.
360 3673 697 3753 989022).
771 3673 886 3739 Sin
929 3684 1141 3738 autem
1187 3675 1561 3759 quaerimuS,
1605 3671 1755 3756 quid
1802 3673 1886 3735 sit
1928 3673 2353 3735 necessarium
2396 3691 2473 3734 ex

269 3773 550 3840 idearum
595 3787 850 3855 natura,
904 3770 1075 3842 κατὰ
1133 3777 1204 3841 δὲ
1258 3769 1336 3840 τὸ
1379 3772 1773 3857 ἀναγκαῖον,
1832 3783 1899 3838 et
1942 3772 2092 3859 quid
2137 3775 2257 3858 ipsi
2301 3771 2474 3838 idea-

269 3898 405 3942 mm
451 3890 745 3945 auctores
791 3878 876 3945 de
915 3883 998 3944 iis
1039 3881 1388 3957 statuerint,
1433 3898 1568 3942 non
1607 3899 1748 3942 esse
1778 3876 2117 3964 apparebit
2144 3875 2319 3941 ideas
2350 3878 2473 3941 nisi

270 3981 773 4048 substantiarum.
862 3986 1008 4048 Hoc
1052 3994 1122 4048 ut
1166 3980 1574 4069 comprobet,
1629 3992 1939 4066 tamquam
1993 3980 2473 4046 fundamentum

273 4090 850 4173 argumentationis,
891 4107 1264 4152 concessum
1311 4097 1376 4151 et
1419 4085 1755 4173 probatum
1801 4083 1882 4149 ab
1927 4087 2079 4171 ipsis
2109 4085 2473 4161 Platonicis,

271 4191 453 4274 ponit
494 4211 634 4256 esse
677 4185 765 4255 τὰ
806 4188 946 4270 εἴδη
987 4185 1284 4274 μεθεκτά
1327 4194 1422 4270 (εὶ
1465 4192 1604 4256 ἔστι
1644 4183 1941 4273 μεθεκτὰ
1983 4180 2071 4252 αἱ
2114 4188 2252 4266 εἴδη
2277 4187 2470 4266 ⁶28),

272 4291 313 4353 i.
345 4313 398 4356 e.
433 4293 596 4358 banc
625 4315 765 4359 ease
794 4293 1076 4360 idearum
1107 4304 1411 4371 naturam,
1444 4303 1518 4358 ut
1546 4295 2050 4357 communionem
2082 4312 2223 4355 cum
2252 4292 2331 4355 iis
2362 4289 2470 4353 lia-

270 4391 464 4461 beant
493 4418 598 4462 res
631 4397 982 4463 sensibiles.
1048 4400 1215 4462 Huic
1255 4408 1461 4462 autem
1504 4396 1808 4461 accedere
1852 4404 2114 4481 oportet
2154 4405 2468 4478 tamquam

273 4495 528 4565 alteram
587 4522 662 4566 ex
713 4523 840 4588 qua
882 4500 1224 4568 concludat
1266 4503 1802 4588 propositionem,
1859 4519 2046 4586 quam
2092 4495 2470 4562 Aristoteles

355 4606 560 4661 Aristot.
583 4608 803 4680 metaph.
827 4608 908 4661 ed.
933 4607 1116 4661 Bonita
1136 4609 1252 4663 Vol.
1275 4609 1338 4662 11.
2033 4604 2071 4655 8
