3109 5175
1169 397 1254 467 H
1291 392 1364 467 2.
1423 393 1713 469 ‘10431112
2394 397 2541 472 865

327 589 475 656 gen.
523 580 594 635 et
632 590 798 636 corr·
841 570 874 635 1
921 572 1007 636 1⁰
1045 579 1114 635 et
1151 569 1235 635 ad
1280 574 1359 637 N
1391 573 1452 636 5.
1501 573 1713 639 10920
1748 572 1896 653 2⁴.)
1984 572 2315 638 Emmodi
2358 571 2542 639 diffe-

326 676 572 738 rentiae
632 682 800 760 quot
847 684 1023 754 saint,
1083 674 1348 739 totidem
1408 674 1703 741 diversis=
1732 678 1902 739 inter
1945 696 2015 741 se
2057 676 2539 763 significationi-

329 775 452 842 bus
495 781 701 863 ipsum
745 799 922 843 esse
962 788 1316 864 usurpatur,
1360 773 1436 842 τὸ
1475 779 1613 842 ἔστι
1644 779 2067 863 τοσαυταχῶς
2102 780 2357 862 λέγεται
2391 782 2537 859 ⁶25,

327 881 630 965 quoniam
667 880 818 964 quid
853 885 1022 945 sint
1051 880 1346 968 singulae
1379 902 1484 944 res
1519 903 1638 966 per
1672 883 1783 946 has
1820 882 2210 947 differentias
2242 883 2536 949 efficitur.

326 983 463 1048 Hae
502 986 698 1071 igitur
741 983 1143 1049 differentiae
1181 983 1262 1048 ad
1292 1005 1528 1049 summa
1560 984 1869 1069 quaedam
1896 1007 2141 1073 genera
2164 986 2539 1052 referendae

327 1098 492 1163 suut,
537 1085 735 1152 veluti
780 1085 859 1150 ad
902 1083 1229 1175 ὑπεροχήν
1259 1099 1325 1152 et
1353 1088 1663 1175 ἔλλειψιν,
1702 1090 1772 1152 in
1806 1090 1904 1153 his
1933 1088 2277 1176 generibus
2309 1111 2536 1155 causae

327 1200 393 1254 et
426 1191 737 1275 principia
769 1189 1132 1277 quaerenda
1162 1202 1326 1269 sunt,
1364 1212 1477 1256 cur
1515 1190 1795 1276 quidque
1830 1191 1899 1255 id
1936 1195 2021 1257 sir
2057 1191 2230 1277 quod
2269 1202 2380 1269 est,
2416 1183 2539 1259 αὖα

325 1316 436 1357 ται
482 1290 680 1379 ἀρχαὶ
725 1295 988 1358 ἔσονται
1033 1295 1152 1358 τοῦ
1197 1292 1363 1358 εἶναι
1401 1294 1549 1371 ὂ32,
1596 1298 1666 1358 ἐν
1710 1290 1967 1371 τούτοις
2006 1295 2314 1374 ζητητέον
2356 1297 2421 1359 τί
2458 1291 2535 1359 τὸ

326 1396 540 1462 αἴτιον
582 1397 703 1461 τοῦ
748 1390 914 1461 εἶναι
957 1392 1209 1461 τούτων
1258 1402 1534 1462 ἕκαστον
1577 1399 1687 1476 ⁰3,
1732 1397 1859 1461 hoc
1903 1408 2001 1461 est
2046 1408 2280 1461 autem:
2327 1403 2393 1463 in
2439 1399 2535 1462 his

326 1499 687 1586 quaerenda
737 1510 834 1563 est
876 1498 1229 1563 substantia
1269 1503 1383 1564 az,
1459 1501 1590 1563 lam
1637 1522 1745 1565 eas
1788 1499 2042 1585 quidem
2080 1501 2331 1579 formas,
2375 1518 2539 1586 quae

325 1625 515 1689 supra
562 1625 686 1689 pro
732 1601 1030 1687 exemplis
1075 1602 1396 1671 adhibitae
1439 1614 1617 1680 sunt,
1676 1603 1876 1668 veluti
1929 1601 2103 1687 μῖξις
2146 1606 2342 1680 θέσις
2378 1599 2538 1689 χρό-

324 1730 469 1785 νος,
526 1715 752 1791 utpote
807 1727 1031 1770 omnes
1082 1705 1419 1771 manifesto
1466 1706 1546 1771 ad
1594 1705 1924 1773 relativum
1968 1728 2174 1794 genus
2218 1712 2535 1793 pertinen-

326 1820 451 1888 tes,
510 1830 644 1875 non
701 1828 894 1895 posse
952 1818 1216 1894 apparet
1270 1809 1663 1875 substantiae
1719 1809 1837 1875 sibi
1896 1809 2219 1877 vindicare
2267 1810 2538 1898 dignita-

326 1924 482 1991 vom,
525 1935 610 1979 ne
655 1922 785 1979 tum
832 1911 1087 1999 quidem
1131 1916 1186 1975 si
1232 1935 1369 1977 cum
1416 1914 1751 1978 substratis
1796 1917 1925 1979 suis
1969 1917 2349 1981 coniunctae
2392 1916 2536 1991 sint,

328 2015 523 2087 οὐσία
579 2018 699 2099 μὲν
757 2006 874 2080 οὖν
934 2013 1143 2081 οὐθὲν
1194 2011 1443 2081 τούτων
1487 2014 1637 2081 οὐδὲ
1683 2013 2204 2100 συνδυαζόμενον
2244 2019 2365 2095 α4,
2421 2015 2537 2083 sed

328 2118 799 2189 similitudinem
855 2128 1067 2185 tamen
1124 2119 1416 2184 referunt
1469 2119 1887 2194 substantiam
1947 2131 2135 2206 atque
2192 2120 2357 2187 hanc
2406 2119 2537 2185 for-

328 2247 520 2301 mam,
576 2223 998 2311 praedicatam
1059 2222 1140 2287 de
1197 2226 1455 2288 materia
1515 2216 1635 2305 (τὸ
1686 2226 1806 2303 τῆς
1846 2219 2006 2303 ὕλης
2048 2218 2537 2309 κατηγορούμε-

326 2346 450 2395 νον
486 2330 620 2407 ⁰6)
666 2325 1099 2403 describimuS,
1145 2350 1333 2414 quum
1379 2330 1752 2415 suscipimus
1798 2326 2067 2393 definire
2112 2349 2275 2414 quae
2316 2330 2402 2392 sit
2442 2330 2537 2392 rei

330 2443 553 2499 namra
599 2454 676 2497 ac
718 2430 1084 2507 substantia,
1126 2433 1436 2497 05—12.
1641 2494 1651 2512 ,

461 2537 587 2604 ὀ27
636 2530 711 2600 τὸ
758 2528 1233 2622 κρυστάλλῳ
1281 2532 1464 2602 εἶναι.
1555 2537 1856 2604 Dativum
1901 2531 2297 2624 κρυστάλλῳ,
2349 2555 2535 2621 quem

332 2638 818 2728 praeferendum
878 2660 1016 2703 esse
1060 2641 1200 2725 ipsa
1246 2644 1561 2706 sententia
1609 2641 1987 2727 comprobat
2033 2680 2111 2692 —
2160 2639 2537 2708 describitur

331 2750 498 2810 enim
544 2748 683 2831 ipsa
731 2743 985 2808 forma
1031 2746 1123 2807 rei
1171 2781 1251 2794 -
1299 2765 1432 2810 non
1479 2745 1765 2812 dubitavi
1814 2769 1849 2809 e
1894 2747 2345 2812 commentario
2388 2741 2538 2808 Ale-

328 2848 552 2915 xandri
596 2871 659 2934 p.
696 2847 844 2924 518,
889 2849 932 2912 3
978 2851 1263 2933 recipere
1308 2870 1428 2935 pro
1473 2848 1739 2936 vulgato
1786 2851 2166 2914 accusativo.
2256 2846 2538 2912 Similem

329 2957 396 3020 in
451 2951 710 3017 modum
771 2974 845 3015 ex
901 2951 1184 3019 eiusdem
1234 2952 1411 3018 Alex.
1471 2956 1848 3022 auctoritate
1906 2957 2004 3037 (p.
2046 2953 2192 3028 518,
2237 2951 2307 3013 2:
2367 2946 2538 3025 εἶδος

329 3052 458 3141 γὰρ
505 3053 708 3122 οὐδοῦ
748 3055 862 3120 καὶ
903 3049 979 3120 τὸ
1027 3052 1190 3120 εἶναι
1234 3053 1409 3139 οὐδῷ
1452 3051 1528 3122 τὸ
1568 3052 1772 3133 οὕτως
1810 3048 2012 3122 αὐτὸν
2049 3055 2323 3119 κεῖσθαί
2359 3056 2535 3132 ἐστι)

330 3161 601 3226 fortasse
647 3162 829 3224 etiam
879 3162 1160 3244 proxime
1206 3161 1649 3226 antecedentia
1685 3159 1882 3226 verba
1921 3156 2223 3224 mutanda
2256 3170 2422 3235 sunt,
2466 3166 2538 3224 ut

329 3264 667 3330 scribatur:
712 3264 824 3328 καὶ
870 3256 945 3327 τὸ
992 3261 1157 3328 εἶναι
1203 3261 1419 3348 αὐτῷ
1461 3260 1539 3332 τὸ
1586 3262 1790 3340 οὕτως
1829 3264 2119 3340 κεῖσθαι,
2162 3281 2536 3349 quamquam

329 3389 535 3456 genus
583 3366 834 3452 quidem
882 3377 1171 3432 neutrum
1219 3365 1414 3447 αὐτό,
1473 3368 1648 3455 quod
1705 3372 1773 3432 in
1829 3368 2086 3456 vulgata
2133 3366 2410 3431 lectione
2453 3364 2536 3430 ad

330 3467 527 3548 οὐδός
572 3470 974 3538 referendum
1022 3483 1135 3550 est,
1179 3493 1314 3537 non
1360 3472 1553 3540 debet
1600 3492 1718 3537 nos
1753 3492 2143 3560 magnopere
2182 3468 2535 3547 offendere,

331 3576 410 3640 cf.
442 3575 521 3640 ad
551 3577 612 3640 Z
637 3577 741 3640 10.
778 3577 981 3641 1⁰35⁶
1009 3577 1110 3640 15.
1136 3612 1221 3624 --
1246 3579 1378 3644 ῠ33
1414 3573 1559 3643 οἷον
1594 3571 1677 3641 τὰ
1713 3578 1803 3658 τῷ
1836 3577 2095 3660 μᾶλλον
2128 3575 2261 3638 κτλ.
2316 3570 2535 3636 Verba

329 3690 600 3766 propter
656 3678 1027 3743 brevitatem
1089 3679 1348 3771 dicendi
1399 3679 1669 3745 obscura
1728 3680 1900 3744 hunc
1952 3677 2250 3744 videntur
2291 3678 2538 3748 iuma-

331 3781 478 3849 dum
523 3781 881 3868 supplenda
928 3804 1095 3848 esse:
1155 3778 1300 3850 οἷον
1356 3779 1442 3849 τὰ
1497 3788 1653 3866 γένη
1696 3778 1783 3848 τὰ
1827 3776 1990 3850 ὄντα
2034 3780 2216 3848 αἴτια
2258 3782 2372 3846 καὶ
2415 3777 2537 3865 ἀρ-

324 3889 442 3972 χαὶ
486 3890 578 3969 τῷ
619 3886 882 3969 μᾶλλον
925 3889 1038 3952 καὶ
1081 3876 1282 3966 ἦττον
1325 3889 1460 3952 κτλ.
1534 3883 1755 3954 πάντα
1798 3881 1928 3972 γὰρ
1988 3889 2197 3952 ταῦτα
2249 3875 2537 3968 ὑπεροχὴ

327 3992 442 4055 καὶ
486 3990 772 4078 ἔλλειψίς
816 3995 1068 4067 ἐστιν,
1125 3991 1186 4056 h.
1224 4012 1278 4055 e.
1325 3991 1484 4055 haee
1528 3993 1737 4058 omnia
1796 3987 2080 4077 ὑπεροχῇ
2134 3998 2200 4054 et
2253 3988 2539 4074 ἐλλείψει

331 4105 403 4160 nt
442 4098 696 4160 suminis
735 4093 1078 4180 generibus
1117 4094 1554 4160 subiiciuntur.
1632 4099 1687 4159 εὶ
1730 4094 1800 4157 δέ
1846 4116 1908 4157 τι
1952 4088 2239 4182 σχήματι
2280 4085 2323 4170 ἢ
2367 4086 2537 4158 λειό-

329 4219 475 4275 τητι
519 4191 562 4275 ἢ
609 4192 962 4281 τραχύτητι
1003 4200 1155 4278 (int.
1201 4200 1516 4288 διαφέρει,
1561 4196 1736 4283 quod
1783 4218 1858 4262 ex
1902 4199 2236 4283 superiore
2278 4197 2537 4262 nomine

330 4296 630 4389 διαφορά
673 4304 881 4386 repeti
925 4311 1156 4386 potest,
1203 4301 1306 4366 vel
1352 4300 1526 4386 quod
1574 4300 1751 4366 addit
1780 4300 1957 4368 Alex.
2004 4322 2068 4385 p.
2101 4301 2249 4377 518,
2292 4301 2402 4364 10:
2449 4302 2536 4362 εὶ-

329 4400 803 4488 δοποιούμενόν
839 4407 1037 4486 ἐστι),
1083 4399 1303 4468 πάντα
1344 4402 1533 4470 εὐθεῖ
1568 4407 1683 4470 καὶ
1721 4400 2053 4488 καμπύλῳ,
2098 4406 2207 4470 int.
2240 4403 2539 4488 διαφέρει

325 4506 434 4572 vel
467 4508 904 4574 εὶδοποιεῖται.
941 4545 1021 4559 -
1058 4509 1155 4572 α2
1191 4505 1233 4588 ἡ
1272 4504 1468 4574 οὐσία
1506 4512 1688 4572 αἰτία
1727 4508 1844 4573 τοῦ
1882 4503 2064 4585 εἶναι,
2101 4506 2179 4570 cf.
2220 4507 2283 4568 Z
2309 4507 2410 4570 17.
2453 4540 2533 4554 -
