<?xml version="1.0" encoding="UTF-8"?>
<!DOCTYPE html PUBLIC "-//W3C//DTD XHTML 1.0 Transitional//EN"
    "http://www.w3.org/TR/xhtml1/DTD/xhtml1-transitional.dtd">
<html xmlns="http://www.w3.org/1999/xhtml" xml:lang="en" lang="en">
 <head>
  <title>
</title>
<meta http-equiv="Content-Type" content="text/html;charset=utf-8" />
  <meta name='ocr-system' content='tesseract 3.04.00' />
  <meta name='ocr-capabilities' content='ocr_page ocr_carea ocr_par ocr_line ocrx_word'/>
</head>
<body>
  <div class='ocr_page' id='page_1' title='image "aristotelismeta01bonigoog_0019.png"; bbox 0 0 3109 5175; ppageno 0'>
   <div class='ocr_carea' id='block_1_1' title="bbox 2469 400 2523 476">
    <p class='ocr_par' dir='ltr' id='par_1_1' title="bbox 2469 400 2523 476">
     <span class='ocr_line' id='line_1_1' title="bbox 2469 400 2523 476; baseline 0 0"><span class='ocrx_word' id='word_1_1' title='bbox 2469 400 2523 476; x_wconf 77' lang='lat'>9</span> 
     </span>
    </p>
   </div>
   <div class='ocr_carea' id='block_1_2' title="bbox 310 563 2565 3983">
    <p class='ocr_par' dir='ltr' id='par_1_2' title="bbox 310 563 2565 3983">
     <span class='ocr_line' id='line_1_2' title="bbox 310 563 2529 664; baseline -0 -20"><span class='ocrx_word' id='word_1_2' title='bbox 310 586 542 644; x_wconf 63' lang='lat' dir='ltr'><strong>ranna·</strong></span> <span class='ocrx_word' id='word_1_3' title='bbox 583 578 995 664; x_wconf 70' lang='lat' dir='ltr'><strong>quaestiones</strong></span> <span class='ocrx_word' id='word_1_4' title='bbox 1040 593 1184 654; x_wconf 82' lang='lat' dir='ltr'><strong>eae,</strong></span> <span class='ocrx_word' id='word_1_5' title='bbox 1238 577 1305 639; x_wconf 88' lang='lat' dir='ltr'><strong>in</strong></span> <span class='ocrx_word' id='word_1_6' title='bbox 1351 563 1578 662; x_wconf 75' lang='lat' dir='ltr'><strong>quibus</strong></span> <span class='ocrx_word' id='word_1_7' title='bbox 1623 563 1951 644; x_wconf 47' lang='lat' dir='ltr'><strong>saliendis</strong></span> <span class='ocrx_word' id='word_1_8' title='bbox 1992 574 2160 641; x_wconf 87' lang='lat' dir='ltr'><strong>haec</strong></span> <span class='ocrx_word' id='word_1_9' title='bbox 2194 573 2529 664; x_wconf 81' lang='lat' dir='ltr'><strong>disciplina</strong></span> 
     </span>
     <span class='ocr_line' id='line_1_3' title="bbox 311 675 2531 767; baseline 0.001 -22"><span class='ocrx_word' id='word_1_10' title='bbox 311 692 628 760; x_wconf 71' lang='lat' dir='ltr'><strong>versatur,</strong></span> <span class='ocrx_word' id='word_1_11' title='bbox 670 686 1033 767; x_wconf 76' lang='lat' dir='ltr'><strong>importune</strong></span> <span class='ocrx_word' id='word_1_12' title='bbox 1073 675 1414 746; x_wconf 69' lang='lat' dir='ltr'><strong>intruditur</strong></span> <span class='ocrx_word' id='word_1_13' title='bbox 1453 678 1619 744; x_wconf 84' lang='lat' dir='ltr'><strong>liber</strong></span> <span class='ocrx_word' id='word_1_14' title='bbox 1646 702 1711 743; x_wconf 76' lang='grc' dir='ltr'><strong>α.</strong></span> <span class='ocrx_word' id='word_1_15' title='bbox 1783 679 2042 748; x_wconf 78' lang='lat' dir='ltr'><strong>Deinde</strong></span> <span class='ocrx_word' id='word_1_16' title='bbox 2084 680 2382 747; x_wconf 83' lang='lat' dir='ltr'><strong>inchoata</strong></span> <span class='ocrx_word' id='word_1_17' title='bbox 2423 684 2531 747; x_wconf 72' lang='lat' dir='ltr'><strong>vix</strong></span> 
     </span>
     <span class='ocr_line' id='line_1_4' title="bbox 311 782 2531 871; baseline 0 -21"><span class='ocrx_word' id='word_1_18' title='bbox 311 785 497 851; x_wconf 73' lang='lat' dir='ltr'><strong>libris</strong></span> <span class='ocrx_word' id='word_1_19' title='bbox 543 785 683 851; x_wconf 87' lang='grc' dir='ltr'><strong>ΒΓ</strong></span> <span class='ocrx_word' id='word_1_20' title='bbox 717 783 1064 870; x_wconf 84' lang='lat' dir='ltr'><strong>disputatio</strong></span> <span class='ocrx_word' id='word_1_21' title='bbox 1107 786 1332 854; x_wconf 78' lang='lat' dir='ltr'><strong>iterum</strong></span> <span class='ocrx_word' id='word_1_22' title='bbox 1378 786 1853 869; x_wconf 63' lang='lat' dir='ltr'><strong>interrumpitur</strong></span> <span class='ocrx_word' id='word_1_23' title='bbox 1894 782 2062 848; x_wconf 86' lang='lat' dir='ltr'><strong>libro</strong></span> <span class='ocrx_word' id='word_1_24' title='bbox 2108 783 2191 862; x_wconf 78' lang='lat' dir='ltr'><strong>A,</strong></span> <span class='ocrx_word' id='word_1_25' title='bbox 2247 788 2356 871; x_wconf 77' lang='lat' dir='ltr'><strong>qui</strong></span> <span class='ocrx_word' id='word_1_26' title='bbox 2408 805 2531 850; x_wconf 86' lang='lat' dir='ltr'><strong>nec</strong></span> 
     </span>
     <span class='ocr_line' id='line_1_5' title="bbox 315 886 2529 976; baseline 0 -22"><span class='ocrx_word' id='word_1_27' title='bbox 315 911 455 954; x_wconf 83' lang='lat' dir='ltr'><strong>cum</strong></span> <span class='ocrx_word' id='word_1_28' title='bbox 507 892 847 976; x_wconf 77' lang='lat' dir='ltr'><strong>superiore</strong></span> <span class='ocrx_word' id='word_1_29' title='bbox 888 887 1320 974; x_wconf 78' lang='lat' dir='ltr'><strong>disputatione</strong></span> <span class='ocrx_word' id='word_1_30' title='bbox 1359 905 1482 953; x_wconf 80' lang='lat' dir='ltr'><strong>nec</strong></span> <span class='ocrx_word' id='word_1_31' title='bbox 1516 907 1656 953; x_wconf 87' lang='lat' dir='ltr'><strong>cum</strong></span> <span class='ocrx_word' id='word_1_32' title='bbox 1685 886 2152 973; x_wconf 78' lang='lat' dir='ltr'><strong>posterioribus</strong></span> <span class='ocrx_word' id='word_1_33' title='bbox 2183 886 2361 953; x_wconf 83' lang='lat' dir='ltr'><strong>libris</strong></span> <span class='ocrx_word' id='word_1_34' title='bbox 2393 888 2529 955; x_wconf 91' lang='lat' dir='ltr'><strong>ullo</strong></span> 
     </span>
     <span class='ocr_line' id='line_1_6' title="bbox 315 989 2531 1079; baseline 0.001 -22"><span class='ocrx_word' id='word_1_35' title='bbox 315 997 729 1058; x_wconf 84' lang='lat' dir='ltr'><strong>connectitur</strong></span> <span class='ocrx_word' id='word_1_36' title='bbox 769 991 1048 1060; x_wconf 78' lang='lat' dir='ltr'><strong>vinculo.</strong></span> <span class='ocrx_word' id='word_1_37' title='bbox 1117 994 1281 1057; x_wconf 83' lang='lat' dir='ltr'><strong>Tum</strong></span> <span class='ocrx_word' id='word_1_38' title='bbox 1326 1001 1664 1078; x_wconf 83' lang='lat' dir='ltr'><strong>postquam</strong></span> <span class='ocrx_word' id='word_1_39' title='bbox 1705 1009 1826 1077; x_wconf 82' lang='lat' dir='ltr'><strong>per</strong></span> <span class='ocrx_word' id='word_1_40' title='bbox 1868 1001 2142 1076; x_wconf 81' lang='lat' dir='ltr'><strong>quatuor</strong></span> <span class='ocrx_word' id='word_1_41' title='bbox 2176 989 2377 1057; x_wconf 84' lang='lat' dir='ltr'><strong>libros</strong></span> <span class='ocrx_word' id='word_1_42' title='bbox 2422 996 2531 1079; x_wconf 90' lang='lat' dir='ltr'><strong>qui</strong></span> 
     </span>
     <span class='ocr_line' id='line_1_7' title="bbox 314 1091 2532 1183; baseline 0.001 -23"><span class='ocrx_word' id='word_1_43' title='bbox 314 1099 611 1183; x_wconf 77' lang='lat' dir='ltr'><strong>proxime</strong></span> <span class='ocrx_word' id='word_1_44' title='bbox 652 1106 1005 1181; x_wconf 83' lang='lat' dir='ltr'><strong>sequuntur</strong></span> <span class='ocrx_word' id='word_1_45' title='bbox 1048 1095 1316 1161; x_wconf 81' lang='grc' dir='ltr'><em>ΕΖΗΘ</em></span> <span class='ocrx_word' id='word_1_46' title='bbox 1357 1115 1491 1160; x_wconf 86' lang='lat' dir='ltr'><strong>uno</strong></span> <span class='ocrx_word' id='word_1_47' title='bbox 1536 1091 1677 1160; x_wconf 67' lang='lat' dir='ltr'><strong>fere</strong></span> <span class='ocrx_word' id='word_1_48' title='bbox 1719 1104 1948 1159; x_wconf 80' lang='lat' dir='ltr'><strong>tenore</strong></span> <span class='ocrx_word' id='word_1_49' title='bbox 1994 1094 2337 1180; x_wconf 82' lang='lat' dir='ltr'><strong>disputatio</strong></span> <span class='ocrx_word' id='word_1_50' title='bbox 2382 1119 2532 1183; x_wconf 88' lang='lat' dir='ltr'><strong>pro-</strong></span> 
     </span>
     <span class='ocr_line' id='line_1_8' title="bbox 316 1196 2532 1288; baseline 0 -24"><span class='ocrx_word' id='word_1_51' title='bbox 316 1203 543 1279; x_wconf 85' lang='lat' dir='ltr'><strong>cessit,</strong></span> <span class='ocrx_word' id='word_1_52' title='bbox 600 1210 676 1265; x_wconf 88' lang='lat' dir='ltr'><strong>ut</strong></span> <span class='ocrx_word' id='word_1_53' title='bbox 718 1199 879 1264; x_wconf 84' lang='lat' dir='ltr'><strong>nihil</strong></span> <span class='ocrx_word' id='word_1_54' title='bbox 921 1219 1315 1288; x_wconf 72' lang='lat' dir='ltr'><strong>magnopere</strong></span> <span class='ocrx_word' id='word_1_55' title='bbox 1358 1202 1444 1263; x_wconf 89' lang='lat' dir='ltr'><strong>sit</strong></span> <span class='ocrx_word' id='word_1_56' title='bbox 1485 1196 1662 1284; x_wconf 88' lang='lat' dir='ltr'><strong>quod</strong></span> <span class='ocrx_word' id='word_1_57' title='bbox 1703 1217 2048 1275; x_wconf 79' lang='lat' dir='ltr'><strong>moremur,</strong></span> <span class='ocrx_word' id='word_1_58' title='bbox 2106 1198 2276 1263; x_wconf 87' lang='lat' dir='ltr'><strong>libro</strong></span> <span class='ocrx_word' id='word_1_59' title='bbox 2323 1201 2372 1264; x_wconf 87' lang='lat' dir='ltr'><strong><em>I</em></strong></span> <span class='ocrx_word' id='word_1_60' title='bbox 2408 1206 2532 1265; x_wconf 86' lang='lat' dir='ltr'><strong>sin·</strong></span> 
     </span>
     <span class='ocr_line' id='line_1_9' title="bbox 316 1301 2533 1392; baseline 0.001 -25"><span class='ocrx_word' id='word_1_61' title='bbox 316 1302 557 1389; x_wconf 81' lang='lat' dir='ltr'><strong>gularis</strong></span> <span class='ocrx_word' id='word_1_62' title='bbox 602 1301 909 1391; x_wconf 80' lang='lat' dir='ltr'><strong>quaedam</strong></span> <span class='ocrx_word' id='word_1_63' title='bbox 955 1302 1037 1368; x_wconf 89' lang='lat' dir='ltr'><strong>de</strong></span> <span class='ocrx_word' id='word_1_64' title='bbox 1080 1305 1328 1372; x_wconf 80' lang='lat' dir='ltr'><strong>unitate</strong></span> <span class='ocrx_word' id='word_1_65' title='bbox 1370 1310 1438 1366; x_wconf 88' lang='lat' dir='ltr'><strong>et</strong></span> <span class='ocrx_word' id='word_1_66' title='bbox 1480 1304 1814 1367; x_wconf 82' lang='lat' dir='ltr'><strong>contrariis</strong></span> <span class='ocrx_word' id='word_1_67' title='bbox 1855 1305 2146 1389; x_wconf 77' lang='lat' dir='ltr'><strong>quaestio</strong></span> <span class='ocrx_word' id='word_1_68' title='bbox 2188 1301 2533 1392; x_wconf 75' lang='lat' dir='ltr'><strong>diligenter</strong></span> 
     </span>
     <span class='ocr_line' id='line_1_10' title="bbox 314 1404 2533 1494; baseline 0.001 -23"><span class='ocrx_word' id='word_1_69' title='bbox 314 1416 778 1494; x_wconf 84' lang='lat' dir='ltr'><strong>pertractatur,</strong></span> <span class='ocrx_word' id='word_1_70' title='bbox 834 1427 998 1493; x_wconf 87' lang='lat' dir='ltr'><strong>quae</strong></span> <span class='ocrx_word' id='word_1_71' title='bbox 1054 1406 1205 1472; x_wconf 86' lang='lat' dir='ltr'><strong>licet</strong></span> <span class='ocrx_word' id='word_1_72' title='bbox 1258 1409 1398 1492; x_wconf 85' lang='lat' dir='ltr'><strong>ipsa</strong></span> <span class='ocrx_word' id='word_1_73' title='bbox 1455 1427 1527 1471; x_wconf 86' lang='lat' dir='ltr'><strong>re</strong></span> <span class='ocrx_word' id='word_1_74' title='bbox 1585 1404 2054 1474; x_wconf 80' lang='lat' dir='ltr'><strong>similitudinem</strong></span> <span class='ocrx_word' id='word_1_75' title='bbox 2107 1407 2419 1493; x_wconf 84' lang='lat' dir='ltr'><strong>quandam</strong></span> <span class='ocrx_word' id='word_1_76' title='bbox 2467 1418 2533 1473; x_wconf 81' lang='lat' dir='ltr'><strong>et</strong></span> 
     </span>
     <span class='ocr_line' id='line_1_11' title="bbox 318 1508 2533 1598; baseline 0.001 -23"><span class='ocrx_word' id='word_1_77' title='bbox 318 1513 779 1597; x_wconf 72' lang='lat' dir='ltr'><strong>cognationem</strong></span> <span class='ocrx_word' id='word_1_78' title='bbox 820 1509 1054 1575; x_wconf 79' lang='lat' dir='ltr'><strong>babeat</strong></span> <span class='ocrx_word' id='word_1_79' title='bbox 1095 1534 1236 1576; x_wconf 89' lang='lat' dir='ltr'><strong>cum</strong></span> <span class='ocrx_word' id='word_1_80' title='bbox 1268 1515 1562 1578; x_wconf 76' lang='lat' dir='ltr'><strong>universa</strong></span> <span class='ocrx_word' id='word_1_81' title='bbox 1590 1510 1712 1574; x_wconf 83' lang='lat' dir='ltr'><strong>hac</strong></span> <span class='ocrx_word' id='word_1_82' title='bbox 1735 1508 2091 1596; x_wconf 62' lang='lat' dir='ltr'><strong>disc‘mlina,</strong></span> <span class='ocrx_word' id='word_1_83' title='bbox 2133 1521 2343 1575; x_wconf 85' lang='lat' dir='ltr'><strong>tamen</strong></span> <span class='ocrx_word' id='word_1_84' title='bbox 2375 1531 2533 1598; x_wconf 87' lang='lat' dir='ltr'><strong>quo-</strong></span> 
     </span>
     <span class='ocr_line' id='line_1_12' title="bbox 314 1612 2528 1702; baseline 0.001 -25"><span class='ocrx_word' id='word_1_85' title='bbox 314 1613 522 1679; x_wconf 90' lang='lat' dir='ltr'><strong>modo</strong></span> <span class='ocrx_word' id='word_1_86' title='bbox 569 1636 712 1680; x_wconf 85' lang='lat' dir='ltr'><strong>cum</strong></span> <span class='ocrx_word' id='word_1_87' title='bbox 759 1635 833 1679; x_wconf 86' lang='lat' dir='ltr'><strong>ea</strong></span> <span class='ocrx_word' id='word_1_88' title='bbox 879 1614 1218 1680; x_wconf 72' lang='lat' dir='ltr'><strong>cohaereat</strong></span> <span class='ocrx_word' id='word_1_89' title='bbox 1271 1635 1353 1679; x_wconf 87' lang='lat' dir='ltr'><strong>ne</strong></span> <span class='ocrx_word' id='word_1_90' title='bbox 1396 1612 1603 1678; x_wconf 80' lang='lat' dir='ltr'><strong>verbo</strong></span> <span class='ocrx_word' id='word_1_91' title='bbox 1649 1613 1903 1700; x_wconf 88' lang='lat' dir='ltr'><strong>quidem</strong></span> <span class='ocrx_word' id='word_1_92' title='bbox 1947 1613 2367 1702; x_wconf 76' lang='lat' dir='ltr'><strong>significatum</strong></span> <span class='ocrx_word' id='word_1_93' title='bbox 2413 1626 2528 1680; x_wconf 90' lang='lat' dir='ltr'><strong>est.</strong></span> 
     </span>
     <span class='ocr_line' id='line_1_13' title="bbox 318 1717 2533 1806; baseline 0 -23"><span class='ocrx_word' id='word_1_94' title='bbox 318 1719 405 1783; x_wconf 86' lang='lat' dir='ltr'><strong>Et</strong></span> <span class='ocrx_word' id='word_1_95' title='bbox 449 1719 582 1783; x_wconf 88' lang='lat' dir='ltr'><strong>hoe</strong></span> <span class='ocrx_word' id='word_1_96' title='bbox 624 1718 879 1804; x_wconf 87' lang='lat' dir='ltr'><strong>quidem</strong></span> <span class='ocrx_word' id='word_1_97' title='bbox 926 1720 1289 1806; x_wconf 77' lang='lat' dir='ltr'><strong>graviorum</strong></span> <span class='ocrx_word' id='word_1_98' title='bbox 1341 1717 1666 1786; x_wconf 75' lang='lat' dir='ltr'><strong>turbarum</strong></span> <span class='ocrx_word' id='word_1_99' title='bbox 1711 1721 1975 1786; x_wconf 87' lang='lat' dir='ltr'><strong>initium.</strong></span> <span class='ocrx_word' id='word_1_100' title='bbox 2064 1718 2228 1783; x_wconf 79' lang='lat' dir='ltr'><strong>Nam</strong></span> <span class='ocrx_word' id='word_1_101' title='bbox 2273 1717 2417 1783; x_wconf 85' lang='lat' dir='ltr'><strong>libri</strong></span> <span class='ocrx_word' id='word_1_102' title='bbox 2461 1717 2533 1784; x_wconf 86' lang='lat' dir='ltr'><strong><em>K</em></strong></span> 
     </span>
     <span class='ocr_line' id='line_1_14' title="bbox 316 1819 2533 1909; baseline -0.001 -21"><span class='ocrx_word' id='word_1_103' title='bbox 316 1831 505 1909; x_wconf 85' lang='lat' dir='ltr'><strong>parte</strong></span> <span class='ocrx_word' id='word_1_104' title='bbox 565 1825 785 1909; x_wconf 88' lang='lat' dir='ltr'><strong>priore</strong></span> <span class='ocrx_word' id='word_1_105' title='bbox 838 1843 1002 1908; x_wconf 91' lang='lat' dir='ltr'><strong>quae</strong></span> <span class='ocrx_word' id='word_1_106' title='bbox 1056 1819 1236 1887; x_wconf 85' lang='lat' dir='ltr'><strong>libris</strong></span> <span class='ocrx_word' id='word_1_107' title='bbox 1281 1821 1476 1887; x_wconf 88' lang='grc' dir='ltr'><strong>ΒΓΕ</strong></span> <span class='ocrx_word' id='word_1_108' title='bbox 1511 1823 1863 1909; x_wconf 85' lang='lat' dir='ltr'><strong>disceptata</strong></span> <span class='ocrx_word' id='word_1_109' title='bbox 1920 1833 2098 1900; x_wconf 85' lang='lat' dir='ltr'><strong>sunt,</strong></span> <span class='ocrx_word' id='word_1_110' title='bbox 2154 1821 2375 1887; x_wconf 83' lang='lat' dir='ltr'><strong>eadem</strong></span> <span class='ocrx_word' id='word_1_111' title='bbox 2422 1821 2533 1886; x_wconf 77' lang='lat' dir='ltr'><strong>ali-</strong></span> 
     </span>
     <span class='ocr_line' id='line_1_15' title="bbox 320 1922 2565 2012; baseline -0.002 -18"><span class='ocrx_word' id='word_1_112' title='bbox 320 1937 566 2012; x_wconf 81' lang='lat' dir='ltr'><strong>quanto</strong></span> <span class='ocrx_word' id='word_1_113' title='bbox 609 1925 867 1991; x_wconf 82' lang='lat' dir='ltr'><strong>brevius</strong></span> <span class='ocrx_word' id='word_1_114' title='bbox 908 1928 1238 2003; x_wconf 84' lang='lat' dir='ltr'><strong>iterantur,</strong></span> <span class='ocrx_word' id='word_1_115' title='bbox 1282 1943 1495 2011; x_wconf 87' lang='lat' dir='ltr'><strong>neque</strong></span> <span class='ocrx_word' id='word_1_116' title='bbox 1533 1928 1623 1990; x_wconf 87' lang='lat' dir='ltr'><strong>ita</strong></span> <span class='ocrx_word' id='word_1_117' title='bbox 1669 1936 1741 1991; x_wconf 87' lang='lat' dir='ltr'><strong>ut</strong></span> <span class='ocrx_word' id='word_1_118' title='bbox 1783 1925 2014 1992; x_wconf 85' lang='lat' dir='ltr'><strong>lectori</strong></span> <span class='ocrx_word' id='word_1_119' title='bbox 2053 1928 2124 1990; x_wconf 87' lang='lat' dir='ltr'><strong>in</strong></span> <span class='ocrx_word' id='word_1_120' title='bbox 2163 1922 2565 1992; x_wconf 80' lang='lat' dir='ltr'><strong>memoriam&#39;</strong></span> 
     </span>
     <span class='ocr_line' id='line_1_16' title="bbox 317 2028 2531 2115; baseline 0 -21"><span class='ocrx_word' id='word_1_121' title='bbox 317 2029 663 2095; x_wconf 82' lang='lat' dir='ltr'><strong>videantur</strong></span> <span class='ocrx_word' id='word_1_122' title='bbox 703 2032 1019 2107; x_wconf 78' lang='lat' dir='ltr'><strong>revocari,</strong></span> <span class='ocrx_word' id='word_1_123' title='bbox 1076 2028 1190 2094; x_wconf 90' lang='lat' dir='ltr'><strong>sed</strong></span> <span class='ocrx_word' id='word_1_124' title='bbox 1243 2042 1556 2115; x_wconf 85' lang='lat' dir='ltr'><strong>tamquam</strong></span> <span class='ocrx_word' id='word_1_125' title='bbox 1603 2031 1890 2114; x_wconf 83' lang='lat' dir='ltr'><strong>exposita</strong></span> <span class='ocrx_word' id='word_1_126' title='bbox 1937 2031 2199 2093; x_wconf 84' lang='lat' dir='ltr'><strong>omnino</strong></span> <span class='ocrx_word' id='word_1_127' title='bbox 2245 2029 2531 2095; x_wconf 88' lang='lat' dir='ltr'><strong>nondum</strong></span> 
     </span>
     <span class='ocr_line' id='line_1_17' title="bbox 320 2130 2531 2219; baseline 0 -22"><span class='ocrx_word' id='word_1_128' title='bbox 320 2135 480 2210; x_wconf 77' lang='lat' dir='ltr'><strong>sint3</strong></span> <span class='ocrx_word' id='word_1_129' title='bbox 512 2132 801 2198; x_wconf 81' lang='lat' dir='ltr'><strong>-alteram</strong></span> <span class='ocrx_word' id='word_1_130' title='bbox 860 2131 1140 2199; x_wconf 85' lang='lat' dir='ltr'><strong>eiusdem</strong></span> <span class='ocrx_word' id='word_1_131' title='bbox 1194 2131 1339 2198; x_wconf 85' lang='lat' dir='ltr'><strong>libri</strong></span> <span class='ocrx_word' id='word_1_132' title='bbox 1391 2142 1638 2218; x_wconf 83' lang='lat' dir='ltr'><strong>partem</strong></span> <span class='ocrx_word' id='word_1_133' title='bbox 1683 2151 1760 2197; x_wconf 80' lang='lat' dir='ltr'><strong>ex</strong></span> <span class='ocrx_word' id='word_1_134' title='bbox 1804 2132 2093 2217; x_wconf 65' lang='lat' dir='ltr'><strong>Physicis</strong></span> <span class='ocrx_word' id='word_1_135' title='bbox 2138 2130 2531 2219; x_wconf 84' lang='lat' dir='ltr'><strong>depromtam</strong></span> 
     </span>
     <span class='ocr_line' id='line_1_18' title="bbox 324 2234 2534 2324; baseline 0.001 -23"><span class='ocrx_word' id='word_1_136' title='bbox 324 2258 464 2302; x_wconf 85' lang='lat' dir='ltr'><strong>esse</strong></span> <span class='ocrx_word' id='word_1_137' title='bbox 511 2240 637 2301; x_wconf 88' lang='lat' dir='ltr'><strong>iam</strong></span> <span class='ocrx_word' id='word_1_138' title='bbox 680 2239 1059 2302; x_wconf 87' lang='lat' dir='ltr'><strong>monuimus.</strong></span> <span class='ocrx_word' id='word_1_139' title='bbox 1139 2235 1397 2301; x_wconf 84' lang='lat' dir='ltr'><strong>Deinde</strong></span> <span class='ocrx_word' id='word_1_140' title='bbox 1442 2235 1610 2301; x_wconf 81' lang='lat' dir='ltr'><strong>libro</strong></span> <span class='ocrx_word' id='word_1_141' title='bbox 1653 2237 1730 2301; x_wconf 87' lang='grc' dir='ltr'><em>Λ</em></span> <span class='ocrx_word' id='word_1_142' title='bbox 1775 2234 1861 2300; x_wconf 89' lang='lat' dir='ltr'><strong>de</strong></span> <span class='ocrx_word' id='word_1_143' title='bbox 1901 2240 2173 2324; x_wconf 80' lang='lat' dir='ltr'><strong>integro,</strong></span> <span class='ocrx_word' id='word_1_144' title='bbox 2220 2239 2398 2323; x_wconf 85' lang='lat' dir='ltr'><strong>quasi</strong></span> <span class='ocrx_word' id='word_1_145' title='bbox 2440 2241 2534 2303; x_wconf 85' lang='lat' dir='ltr'><strong>ni-</strong></span> 
     </span>
     <span class='ocr_line' id='line_1_19' title="bbox 321 2335 2534 2430; baseline 0.001 -25"><span class='ocrx_word' id='word_1_146' title='bbox 321 2339 570 2405; x_wconf 86' lang='lat' dir='ltr'><strong>hildum</strong></span> <span class='ocrx_word' id='word_1_147' title='bbox 601 2340 989 2430; x_wconf 76' lang='lat' dir='ltr'><strong>disputatum</strong></span> <span class='ocrx_word' id='word_1_148' title='bbox 1020 2343 1118 2419; x_wconf 87' lang='lat' dir='ltr'><strong>sit,</strong></span> <span class='ocrx_word' id='word_1_149' title='bbox 1161 2340 1410 2405; x_wconf 84' lang='lat' dir='ltr'><strong>orditur</strong></span> <span class='ocrx_word' id='word_1_150' title='bbox 1451 2335 1876 2426; x_wconf 84' lang='lat' dir='ltr'><strong>philosophus</strong></span> <span class='ocrx_word' id='word_1_151' title='bbox 1919 2361 2224 2426; x_wconf 78' lang='lat' dir='ltr'><strong>quaerere</strong></span> <span class='ocrx_word' id='word_1_152' title='bbox 2254 2341 2337 2406; x_wconf 81' lang='lat' dir='ltr'><strong>de</strong></span> <span class='ocrx_word' id='word_1_153' title='bbox 2370 2363 2534 2407; x_wconf 90' lang='lat' dir='ltr'><strong>sum-</strong></span> 
     </span>
     <span class='ocr_line' id='line_1_20' title="bbox 322 2444 2534 2531; baseline 0.002 -24"><span class='ocrx_word' id='word_1_154' title='bbox 322 2448 439 2509; x_wconf 83' lang='lat' dir='ltr'><strong>mis</strong></span> <span class='ocrx_word' id='word_1_155' title='bbox 485 2446 833 2531; x_wconf 87' lang='lat' dir='ltr'><strong>principiis,</strong></span> <span class='ocrx_word' id='word_1_156' title='bbox 880 2455 945 2510; x_wconf 89' lang='lat' dir='ltr'><strong>et</strong></span> <span class='ocrx_word' id='word_1_157' title='bbox 988 2465 1062 2511; x_wconf 88' lang='lat' dir='ltr'><strong>ea</strong></span> <span class='ocrx_word' id='word_1_158' title='bbox 1106 2444 1360 2531; x_wconf 84' lang='lat' dir='ltr'><strong>quidem</strong></span> <span class='ocrx_word' id='word_1_159' title='bbox 1406 2455 1811 2529; x_wconf 86' lang='lat' dir='ltr'><strong>pertractare,</strong></span> <span class='ocrx_word' id='word_1_160' title='bbox 1855 2464 2018 2529; x_wconf 87' lang='lat' dir='ltr'><strong>quae</strong></span> <span class='ocrx_word' id='word_1_161' title='bbox 2048 2466 2236 2530; x_wconf 89' lang='lat' dir='ltr'><strong>quum</strong></span> <span class='ocrx_word' id='word_1_162' title='bbox 2270 2446 2351 2510; x_wconf 87' lang='lat' dir='ltr'><strong>ad</strong></span> <span class='ocrx_word' id='word_1_163' title='bbox 2383 2467 2534 2511; x_wconf 86' lang='lat' dir='ltr'><strong>con-</strong></span> 
     </span>
     <span class='ocr_line' id='line_1_21' title="bbox 324 2546 2533 2635; baseline 0.001 -22"><span class='ocrx_word' id='word_1_164' title='bbox 324 2546 705 2615; x_wconf 87' lang='lat' dir='ltr'><strong>cludendam</strong></span> <span class='ocrx_word' id='word_1_165' title='bbox 763 2552 1120 2617; x_wconf 83' lang='lat' dir='ltr'><strong>universam</strong></span> <span class='ocrx_word' id='word_1_166' title='bbox 1176 2548 1531 2615; x_wconf 72' lang='lat' dir='ltr'><strong>doctrinam</strong></span> <span class='ocrx_word' id='word_1_167' title='bbox 1589 2550 1932 2635; x_wconf 79' lang='lat' dir='ltr'><strong>praecipue</strong></span> <span class='ocrx_word' id='word_1_168' title='bbox 1989 2551 2119 2615; x_wconf 90' lang='lat' dir='ltr'><strong>sint</strong></span> <span class='ocrx_word' id='word_1_169' title='bbox 2160 2553 2533 2631; x_wconf 87' lang='lat' dir='ltr'><strong>necessaria,</strong></span> 
     </span>
     <span class='ocr_line' id='line_1_22' title="bbox 324 2650 2530 2738; baseline 0.001 -23"><span class='ocrx_word' id='word_1_170' title='bbox 324 2662 541 2721; x_wconf 75' lang='lat' dir='ltr'><strong>tamen</strong></span> <span class='ocrx_word' id='word_1_171' title='bbox 596 2651 838 2738; x_wconf 86' lang='lat' dir='ltr'><strong>reliqua</strong></span> <span class='ocrx_word' id='word_1_172' title='bbox 890 2676 1035 2719; x_wconf 89' lang='lat' dir='ltr'><strong>cum</strong></span> <span class='ocrx_word' id='word_1_173' title='bbox 1093 2650 1527 2737; x_wconf 76' lang='lat' dir='ltr'><strong>disputatione</strong></span> <span class='ocrx_word' id='word_1_174' title='bbox 1577 2651 1760 2718; x_wconf 92' lang='lat' dir='ltr'><strong>nullo</strong></span> <span class='ocrx_word' id='word_1_175' title='bbox 1805 2651 2001 2718; x_wconf 88' lang='lat' dir='ltr'><strong>modo</strong></span> <span class='ocrx_word' id='word_1_176' title='bbox 2046 2664 2530 2719; x_wconf 87' lang='lat' dir='ltr'><strong>connectuntur.</strong></span> 
     </span>
     <span class='ocr_line' id='line_1_23' title="bbox 323 2754 2534 2843; baseline 0.001 -23"><span class='ocrx_word' id='word_1_177' title='bbox 323 2756 624 2843; x_wconf 86' lang='lat' dir='ltr'><strong>Denique</strong></span> <span class='ocrx_word' id='word_1_178' title='bbox 664 2754 818 2821; x_wconf 71' lang='lat' dir='ltr'><strong>finis</strong></span> <span class='ocrx_word' id='word_1_179' title='bbox 861 2757 1208 2843; x_wconf 86' lang='lat' dir='ltr'><strong>imponitur</strong></span> <span class='ocrx_word' id='word_1_180' title='bbox 1251 2759 1434 2841; x_wconf 86' lang='lat' dir='ltr'><strong>operi</strong></span> <span class='ocrx_word' id='word_1_181' title='bbox 1478 2756 1732 2822; x_wconf 89' lang='lat' dir='ltr'><strong>duobus</strong></span> <span class='ocrx_word' id='word_1_182' title='bbox 1789 2756 1971 2821; x_wconf 81' lang='lat' dir='ltr'><strong>libris</strong></span> <span class='ocrx_word' id='word_1_183' title='bbox 2015 2759 2325 2822; x_wconf 87' lang='lat' dir='ltr'><strong>artissime</strong></span> <span class='ocrx_word' id='word_1_184' title='bbox 2365 2761 2534 2823; x_wconf 89' lang='lat' dir='ltr'><strong>iuter</strong></span> 
     </span>
     <span class='ocr_line' id='line_1_24' title="bbox 324 2857 2532 2949; baseline 0.001 -26"><span class='ocrx_word' id='word_1_185' title='bbox 324 2880 395 2923; x_wconf 84' lang='lat' dir='ltr'><strong>se</strong></span> <span class='ocrx_word' id='word_1_186' title='bbox 440 2862 801 2925; x_wconf 75' lang='lat' dir='ltr'><strong>coniunctis</strong></span> <span class='ocrx_word' id='word_1_187' title='bbox 845 2860 1026 2938; x_wconf 89' lang='lat' dir='ltr'><strong>MN,</strong></span> <span class='ocrx_word' id='word_1_188' title='bbox 1075 2857 1303 2945; x_wconf 89' lang='lat' dir='ltr'><strong>quibus</strong></span> <span class='ocrx_word' id='word_1_189' title='bbox 1346 2859 1825 2926; x_wconf 75' lang='lat' dir='ltr'><strong>Platonicorum</strong></span> <span class='ocrx_word' id='word_1_190' title='bbox 1870 2870 1936 2924; x_wconf 87' lang='lat' dir='ltr'><strong>et</strong></span> <span class='ocrx_word' id='word_1_191' title='bbox 1979 2860 2532 2949; x_wconf 76' lang='lat' dir='ltr'><strong>Pythagoreorum</strong></span> 
     </span>
     <span class='ocr_line' id='line_1_25' title="bbox 326 2961 2532 3050; baseline 0.001 -23"><span class='ocrx_word' id='word_1_192' title='bbox 326 2961 408 3027; x_wconf 86' lang='lat' dir='ltr'><strong>de</strong></span> <span class='ocrx_word' id='word_1_193' title='bbox 448 2967 730 3028; x_wconf 83' lang='lat' dir='ltr'><strong>numeris</strong></span> <span class='ocrx_word' id='word_1_194' title='bbox 774 2963 1059 3049; x_wconf 83' lang='lat' dir='ltr'><strong>ideisque</strong></span> <span class='ocrx_word' id='word_1_195' title='bbox 1106 2974 1510 3049; x_wconf 80' lang='lat' dir='ltr'><strong>exponuntur</strong></span> <span class='ocrx_word' id='word_1_196' title='bbox 1539 2974 1732 3050; x_wconf 87' lang='lat' dir='ltr'><strong>atque</strong></span> <span class='ocrx_word' id='word_1_197' title='bbox 1760 2963 2122 3030; x_wconf 84' lang='lat' dir='ltr'><strong>iudicantur</strong></span> <span class='ocrx_word' id='word_1_198' title='bbox 2149 2969 2532 3040; x_wconf 67' lang='lat' dir='ltr'><strong>sententiaez</strong></span> 
     </span>
     <span class='ocr_line' id='line_1_26' title="bbox 327 3066 2534 3157; baseline -0 -25"><span class='ocrx_word' id='word_1_199' title='bbox 327 3071 433 3153; x_wconf 90' lang='lat' dir='ltr'><strong>qui</strong></span> <span class='ocrx_word' id='word_1_200' title='bbox 478 3066 631 3132; x_wconf 88' lang='lat' dir='ltr'><strong>libri</strong></span> <span class='ocrx_word' id='word_1_201' title='bbox 674 3070 959 3154; x_wconf 83' lang='lat' dir='ltr'><strong>quamvis</strong></span> <span class='ocrx_word' id='word_1_202' title='bbox 1003 3088 1143 3132; x_wconf 86' lang='lat' dir='ltr'><strong>cum</strong></span> <span class='ocrx_word' id='word_1_203' title='bbox 1186 3071 1383 3154; x_wconf 88' lang='lat' dir='ltr'><strong>prima</strong></span> <span class='ocrx_word' id='word_1_204' title='bbox 1441 3067 1850 3154; x_wconf 77' lang='lat' dir='ltr'><strong>philosophia</strong></span> <span class='ocrx_word' id='word_1_205' title='bbox 1903 3078 2048 3154; x_wconf 83' lang='lat' dir='ltr'><strong>apte</strong></span> <span class='ocrx_word' id='word_1_206' title='bbox 2091 3070 2397 3157; x_wconf 82' lang='lat' dir='ltr'><strong>coniungi</strong></span> <span class='ocrx_word' id='word_1_207' title='bbox 2443 3071 2534 3132; x_wconf 83' lang='lat' dir='ltr'><strong>vi-</strong></span> 
     </span>
     <span class='ocr_line' id='line_1_27' title="bbox 326 3170 2535 3258; baseline 0 -23"><span class='ocrx_word' id='word_1_208' title='bbox 326 3170 613 3251; x_wconf 85' lang='lat' dir='ltr'><strong>deantur,</strong></span> <span class='ocrx_word' id='word_1_209' title='bbox 657 3182 869 3237; x_wconf 85' lang='lat' dir='ltr'><strong>tamen</strong></span> <span class='ocrx_word' id='word_1_210' title='bbox 913 3190 1035 3235; x_wconf 88' lang='lat' dir='ltr'><strong>nec</strong></span> <span class='ocrx_word' id='word_1_211' title='bbox 1078 3192 1196 3258; x_wconf 92' lang='lat' dir='ltr'><strong>per</strong></span> <span class='ocrx_word' id='word_1_212' title='bbox 1238 3193 1309 3236; x_wconf 90' lang='lat' dir='ltr'><strong>se</strong></span> <span class='ocrx_word' id='word_1_213' title='bbox 1350 3171 1570 3236; x_wconf 89' lang='lat' dir='ltr'><strong>idonei</strong></span> <span class='ocrx_word' id='word_1_214' title='bbox 1614 3181 1765 3237; x_wconf 90' lang='lat' dir='ltr'><strong>sunt</strong></span> <span class='ocrx_word' id='word_1_215' title='bbox 1799 3171 1881 3236; x_wconf 88' lang='lat' dir='ltr'><strong>ad</strong></span> <span class='ocrx_word' id='word_1_216' title='bbox 1913 3171 2365 3258; x_wconf 89' lang='lat' dir='ltr'><strong>imponendum</strong></span> <span class='ocrx_word' id='word_1_217' title='bbox 2395 3173 2535 3237; x_wconf 72' lang='lat' dir='ltr'><strong>uni-</strong></span> 
     </span>
     <span class='ocr_line' id='line_1_28' title="bbox 323 3274 2534 3362; baseline 0.001 -25"><span class='ocrx_word' id='word_1_218' title='bbox 323 3296 552 3340; x_wconf 80' lang='lat' dir='ltr'><strong>versae</strong></span> <span class='ocrx_word' id='word_1_219' title='bbox 596 3274 1014 3362; x_wconf 85' lang='lat' dir='ltr'><strong>disputationi</strong></span> <span class='ocrx_word' id='word_1_220' title='bbox 1055 3274 1266 3352; x_wconf 83' lang='lat' dir='ltr'><strong>finem,</strong></span> <span class='ocrx_word' id='word_1_221' title='bbox 1311 3295 1433 3339; x_wconf 88' lang='lat' dir='ltr'><strong>nec</strong></span> <span class='ocrx_word' id='word_1_222' title='bbox 1475 3296 1601 3360; x_wconf 89' lang='lat' dir='ltr'><strong>qua</strong></span> <span class='ocrx_word' id='word_1_223' title='bbox 1642 3277 1894 3340; x_wconf 84' lang='lat' dir='ltr'><strong>ratione</strong></span> <span class='ocrx_word' id='word_1_224' title='bbox 1940 3297 2079 3341; x_wconf 87' lang='lat' dir='ltr'><strong>cum</strong></span> <span class='ocrx_word' id='word_1_225' title='bbox 2124 3275 2383 3361; x_wconf 87' lang='lat' dir='ltr'><strong>reliquis</strong></span> <span class='ocrx_word' id='word_1_226' title='bbox 2428 3296 2534 3340; x_wconf 89' lang='lat' dir='ltr'><strong>co-</strong></span> 
     </span>
     <span class='ocr_line' id='line_1_29' title="bbox 326 3377 2536 3467; baseline 0.001 -26"><span class='ocrx_word' id='word_1_227' title='bbox 326 3377 636 3443; x_wconf 84' lang='lat' dir='ltr'><strong>haereant</strong></span> <span class='ocrx_word' id='word_1_228' title='bbox 678 3400 713 3442; x_wconf 87' lang='lat' dir='ltr'><strong>a</strong></span> <span class='ocrx_word' id='word_1_229' title='bbox 749 3378 1137 3465; x_wconf 86' lang='lat' dir='ltr'><strong>philosopho</strong></span> <span class='ocrx_word' id='word_1_230' title='bbox 1173 3381 1326 3443; x_wconf 87' lang='lat' dir='ltr'><strong>satis</strong></span> <span class='ocrx_word' id='word_1_231' title='bbox 1357 3378 1633 3445; x_wconf 86' lang='lat' dir='ltr'><strong>dilucide</strong></span> <span class='ocrx_word' id='word_1_232' title='bbox 1665 3389 1763 3445; x_wconf 87' lang='lat' dir='ltr'><strong>est</strong></span> <span class='ocrx_word' id='word_1_233' title='bbox 1790 3379 2243 3467; x_wconf 70' lang='lat' dir='ltr'><strong>significatum</strong></span> <span class='ocrx_word' id='word_1_234' title='bbox 2289 3377 2536 3443; x_wconf 85' lang='lat' dir='ltr'><strong>accedit</strong></span> 
     </span>
     <span class='ocr_line' id='line_1_30' title="bbox 327 3480 2533 3568; baseline 0 -22"><span class='ocrx_word' id='word_1_235' title='bbox 327 3481 503 3567; x_wconf 91' lang='lat' dir='ltr'><strong>quod</strong></span> <span class='ocrx_word' id='word_1_236' title='bbox 562 3486 629 3546; x_wconf 86' lang='lat' dir='ltr'><strong>in</strong></span> <span class='ocrx_word' id='word_1_237' title='bbox 683 3480 851 3546; x_wconf 86' lang='lat' dir='ltr'><strong>libro</strong></span> <span class='ocrx_word' id='word_1_238' title='bbox 898 3483 988 3546; x_wconf 83' lang='lat' dir='ltr'><strong><em>M</em></strong></span> <span class='ocrx_word' id='word_1_239' title='bbox 1023 3503 1158 3568; x_wconf 85' lang='lat' dir='ltr'><strong>cap.</strong></span> <span class='ocrx_word' id='word_1_240' title='bbox 1204 3485 1264 3560; x_wconf 78' lang='lat'><strong>4,</strong></span> <span class='ocrx_word' id='word_1_241' title='bbox 1308 3485 1351 3549; x_wconf 83' lang='lat'><strong>5</strong></span> <span class='ocrx_word' id='word_1_242' title='bbox 1395 3481 1698 3549; x_wconf 88' lang='lat' dir='ltr'><strong>iudicium</strong></span> <span class='ocrx_word' id='word_1_243' title='bbox 1743 3481 1826 3548; x_wconf 86' lang='lat' dir='ltr'><strong>de</strong></span> <span class='ocrx_word' id='word_1_244' title='bbox 1868 3481 2197 3547; x_wconf 85' lang='lat' dir='ltr'><strong>Platonica</strong></span> <span class='ocrx_word' id='word_1_245' title='bbox 2248 3481 2533 3547; x_wconf 84' lang='lat' dir='ltr'><strong>idearum</strong></span> 
     </span>
     <span class='ocr_line' id='line_1_31' title="bbox 329 3583 2488 3673; baseline 0 -24"><span class='ocrx_word' id='word_1_246' title='bbox 329 3583 623 3652; x_wconf 88' lang='lat' dir='ltr'><strong>doctrina</strong></span> <span class='ocrx_word' id='word_1_247' title='bbox 668 3584 892 3651; x_wconf 86' lang='lat' dir='ltr'><strong>iisdem</strong></span> <span class='ocrx_word' id='word_1_248' title='bbox 937 3606 1144 3672; x_wconf 89' lang='lat' dir='ltr'><strong>prope</strong></span> <span class='ocrx_word' id='word_1_249' title='bbox 1184 3585 1399 3651; x_wconf 80' lang='lat' dir='ltr'><strong>verbis</strong></span> <span class='ocrx_word' id='word_1_250' title='bbox 1442 3587 1675 3651; x_wconf 85' lang='lat' dir='ltr'><strong>factum</strong></span> <span class='ocrx_word' id='word_1_251' title='bbox 1718 3584 1987 3673; x_wconf 79' lang='lat' dir='ltr'><strong>legimus</strong></span> <span class='ocrx_word' id='word_1_252' title='bbox 2022 3606 2097 3648; x_wconf 90' lang='lat' dir='ltr'><strong>ac</strong></span> <span class='ocrx_word' id='word_1_253' title='bbox 2129 3584 2295 3649; x_wconf 84' lang='lat' dir='ltr'><strong>libro</strong></span> <span class='ocrx_word' id='word_1_254' title='bbox 2325 3586 2396 3649; x_wconf 88' lang='lat' dir='ltr'><em>A</em></span> <span class='ocrx_word' id='word_1_255' title='bbox 2425 3588 2488 3650; x_wconf 79' lang='lat'><strong>9.</strong></span> 
     </span>
     <span class='ocr_line' id='line_1_32' title="bbox 459 3688 2533 3776; baseline -0 -22"><span class='ocrx_word' id='word_1_256' title='bbox 459 3691 640 3754; x_wconf 85' lang='lat' dir='ltr'><strong>Haec</strong></span> <span class='ocrx_word' id='word_1_257' title='bbox 681 3693 737 3755; x_wconf 91' lang='lat' dir='ltr'><strong>si</strong></span> <span class='ocrx_word' id='word_1_258' title='bbox 779 3692 919 3775; x_wconf 85' lang='lat' dir='ltr'><strong>quis</strong></span> <span class='ocrx_word' id='word_1_259' title='bbox 960 3688 1066 3754; x_wconf 76' lang='lat' dir='ltr'><strong>vel</strong></span> <span class='ocrx_word' id='word_1_260' title='bbox 1111 3689 1327 3754; x_wconf 86' lang='lat' dir='ltr'><strong>obiter</strong></span> <span class='ocrx_word' id='word_1_261' title='bbox 1368 3689 1850 3776; x_wconf 83' lang='lat' dir='ltr'><strong>perlustraverit</strong></span> <span class='ocrx_word' id='word_1_262' title='bbox 1891 3708 2026 3753; x_wconf 90' lang='lat' dir='ltr'><strong>non</strong></span> <span class='ocrx_word' id='word_1_263' title='bbox 2069 3690 2158 3752; x_wconf 89' lang='lat' dir='ltr'><strong>ita</strong></span> <span class='ocrx_word' id='word_1_264' title='bbox 2194 3709 2333 3753; x_wconf 90' lang='lat' dir='ltr'><strong>esse</strong></span> <span class='ocrx_word' id='word_1_265' title='bbox 2364 3708 2533 3753; x_wconf 89' lang='lat' dir='ltr'><strong>com·</strong></span> 
     </span>
     <span class='ocr_line' id='line_1_33' title="bbox 329 3792 2535 3879; baseline 0 -21"><span class='ocrx_word' id='word_1_266' title='bbox 329 3804 566 3878; x_wconf 82' lang='lat' dir='ltr'><strong>parata,</strong></span> <span class='ocrx_word' id='word_1_267' title='bbox 609 3803 685 3858; x_wconf 89' lang='lat' dir='ltr'><strong>ut</strong></span> <span class='ocrx_word' id='word_1_268' title='bbox 726 3796 1118 3879; x_wconf 79' lang='lat' dir='ltr'><strong>quaestionis</strong></span> <span class='ocrx_word' id='word_1_269' title='bbox 1161 3796 1264 3858; x_wconf 76' lang='lat' dir='ltr'><strong>via</strong></span> <span class='ocrx_word' id='word_1_270' title='bbox 1310 3815 1385 3857; x_wconf 92' lang='lat' dir='ltr'><strong>ac</strong></span> <span class='ocrx_word' id='word_1_271' title='bbox 1431 3797 1685 3859; x_wconf 86' lang='lat' dir='ltr'><strong>ratione</strong></span> <span class='ocrx_word' id='word_1_272' title='bbox 1727 3795 2053 3859; x_wconf 81' lang='lat' dir='ltr'><strong>institutae</strong></span> <span class='ocrx_word' id='word_1_273' title='bbox 2095 3795 2328 3858; x_wconf 89' lang='lat' dir='ltr'><strong>iustum</strong></span> <span class='ocrx_word' id='word_1_274' title='bbox 2372 3792 2535 3859; x_wconf 73' lang='lat' dir='ltr'><strong>refe-</strong></span> 
     </span>
     <span class='ocr_line' id='line_1_34' title="bbox 330 3894 2534 3983; baseline 0.001 -23"><span class='ocrx_word' id='word_1_275' title='bbox 330 3908 470 3962; x_wconf 85' lang='lat' dir='ltr'><strong>rant</strong></span> <span class='ocrx_word' id='word_1_276' title='bbox 528 3896 847 3975; x_wconf 80' lang='lat' dir='ltr'><strong>ordinem,</strong></span> <span class='ocrx_word' id='word_1_277' title='bbox 902 3896 1087 3961; x_wconf 78' lang='lat' dir='ltr'><strong>facile</strong></span> <span class='ocrx_word' id='word_1_278' title='bbox 1145 3896 1477 3963; x_wconf 85' lang='lat' dir='ltr'><strong>concedet.</strong></span> <span class='ocrx_word' id='word_1_279' title='bbox 1569 3896 1776 3963; x_wconf 88' lang='lat' dir='ltr'><strong>Cuius</strong></span> <span class='ocrx_word' id='word_1_280' title='bbox 1834 3897 2087 3983; x_wconf 88' lang='lat' dir='ltr'><strong>quidem</strong></span> <span class='ocrx_word' id='word_1_281' title='bbox 2143 3894 2534 3963; x_wconf 77' lang='lat' dir='ltr'><strong>difficultatis</strong></span> 
     </span>
    </p>
   </div>
   <div class='ocr_carea' id='block_1_3' title="bbox 333 3985 2770 4090">
    <p class='ocr_par' dir='ltr' id='par_1_3' title="bbox 333 3985 2770 4090">
     <span class='ocr_line' id='line_1_35' title="bbox 333 3985 2770 4090; baseline -0.001 -24"><span class='ocrx_word' id='word_1_282' title='bbox 333 3998 659 4066; x_wconf 82' lang='lat' dir='ltr'><strong>tollendae</strong></span> <span class='ocrx_word' id='word_1_283' title='bbox 717 4010 785 4065; x_wconf 88' lang='lat' dir='ltr'><strong>et</strong></span> <span class='ocrx_word' id='word_1_284' title='bbox 840 4004 1107 4090; x_wconf 73' lang='lat' dir='ltr'><strong>cogitari</strong></span> <span class='ocrx_word' id='word_1_285' title='bbox 1163 4005 1429 4066; x_wconf 84' lang='lat' dir='ltr'><strong>omnino</strong></span> <span class='ocrx_word' id='word_1_286' title='bbox 1484 4011 1705 4088; x_wconf 81' lang='lat' dir='ltr'><strong>potest</strong></span> <span class='ocrx_word' id='word_1_287' title='bbox 1755 4011 1823 4067; x_wconf 91' lang='lat' dir='ltr'><strong>et</strong></span> <span class='ocrx_word' id='word_1_288' title='bbox 1874 4011 2113 4067; x_wconf 79' lang='lat' dir='ltr'><strong>tentata</strong></span> <span class='ocrx_word' id='word_1_289' title='bbox 2160 4011 2260 4066; x_wconf 89' lang='lat' dir='ltr'><strong>est</strong></span> <span class='ocrx_word' id='word_1_290' title='bbox 2299 4022 2336 4064; x_wconf 91' lang='lat' dir='ltr'><strong>a</strong></span> <span class='ocrx_word' id='word_1_291' title='bbox 2380 4002 2533 4065; x_wconf 87' lang='lat' dir='ltr'><strong>viris</strong></span> <span class='ocrx_word' id='word_1_292' title='bbox 2654 4021 2659 4025; x_wconf 89' lang='lat'>·</span> <span class='ocrx_word' id='word_1_293' title='bbox 2758 3985 2770 3994; x_wconf 62' lang='grc'><em>’</em></span> 
     </span>
    </p>
   </div>
   <div class='ocr_carea' id='block_1_4' title="bbox 334 4102 2535 4607">
    <p class='ocr_par' dir='ltr' id='par_1_4' title="bbox 334 4102 2535 4607">
     <span class='ocr_line' id='line_1_36' title="bbox 334 4102 2533 4191; baseline 0 -24"><span class='ocrx_word' id='word_1_294' title='bbox 334 4102 539 4169; x_wconf 88' lang='lat' dir='ltr'><strong>doctis</strong></span> <span class='ocrx_word' id='word_1_295' title='bbox 586 4102 821 4190; x_wconf 80' lang='lat' dir='ltr'><strong>duplex</strong></span> <span class='ocrx_word' id='word_1_296' title='bbox 866 4108 995 4180; x_wconf 84' lang='lat' dir='ltr'><strong>via3</strong></span> <span class='ocrx_word' id='word_1_297' title='bbox 1054 4105 1236 4170; x_wconf 88' lang='lat' dir='ltr'><strong>alteri</strong></span> <span class='ocrx_word' id='word_1_298' title='bbox 1283 4109 1477 4183; x_wconf 87' lang='lat' dir='ltr'><strong>enim,</strong></span> <span class='ocrx_word' id='word_1_299' title='bbox 1529 4126 1693 4191; x_wconf 87' lang='lat' dir='ltr'><strong>quae</strong></span> <span class='ocrx_word' id='word_1_300' title='bbox 1737 4105 1950 4171; x_wconf 81' lang='lat' dir='ltr'><strong>obiter</strong></span> <span class='ocrx_word' id='word_1_301' title='bbox 1992 4126 2125 4170; x_wconf 85' lang='lat' dir='ltr'><strong>rem</strong></span> <span class='ocrx_word' id='word_1_302' title='bbox 2170 4106 2533 4190; x_wconf 84' lang='lat' dir='ltr'><strong>inspicienti</strong></span> 
     </span>
     <span class='ocr_line' id='line_1_37' title="bbox 336 4204 2535 4287; baseline 0.001 -17"><span class='ocrx_word' id='word_1_303' title='bbox 336 4204 583 4272; x_wconf 82' lang='lat' dir='ltr'><strong>diversa</strong></span> <span class='ocrx_word' id='word_1_304' title='bbox 628 4216 696 4272; x_wconf 90' lang='lat' dir='ltr'><strong>et</strong></span> <span class='ocrx_word' id='word_1_305' title='bbox 740 4207 1012 4275; x_wconf 80' lang='lat' dir='ltr'><strong>discreta</strong></span> <span class='ocrx_word' id='word_1_306' title='bbox 1058 4208 1422 4287; x_wconf 72' lang='lat' dir='ltr'><strong>videantur,</strong></span> <span class='ocrx_word' id='word_1_307' title='bbox 1481 4230 1554 4273; x_wconf 86' lang='lat' dir='ltr'><strong>ea</strong></span> <span class='ocrx_word' id='word_1_308' title='bbox 1616 4207 2052 4275; x_wconf 82' lang='lat' dir='ltr'><strong>demonstrare</strong></span> <span class='ocrx_word' id='word_1_309' title='bbox 2105 4210 2320 4275; x_wconf 88' lang='lat' dir='ltr'><strong>conati</strong></span> <span class='ocrx_word' id='word_1_310' title='bbox 2370 4217 2535 4286; x_wconf 87' lang='lat' dir='ltr'><strong>sunt,</strong></span> 
     </span>
     <span class='ocr_line' id='line_1_38' title="bbox 335 4310 2534 4401; baseline 0.002 -28"><span class='ocrx_word' id='word_1_311' title='bbox 335 4311 386 4373; x_wconf 87' lang='lat' dir='ltr'><strong>si</strong></span> <span class='ocrx_word' id='word_1_312' title='bbox 425 4315 564 4397; x_wconf 87' lang='lat' dir='ltr'><strong>quis</strong></span> <span class='ocrx_word' id='word_1_313' title='bbox 608 4311 978 4399; x_wconf 82' lang='lat' dir='ltr'><strong>diligentius</strong></span> <span class='ocrx_word' id='word_1_314' title='bbox 1024 4334 1155 4377; x_wconf 89' lang='lat' dir='ltr'><strong>rem</strong></span> <span class='ocrx_word' id='word_1_315' title='bbox 1202 4312 1616 4401; x_wconf 75' lang='lat' dir='ltr'><strong>indagaverit,</strong></span> <span class='ocrx_word' id='word_1_316' title='bbox 1660 4312 1765 4377; x_wconf 82' lang='lat' dir='ltr'><strong>vel</strong></span> <span class='ocrx_word' id='word_1_317' title='bbox 1813 4315 2024 4377; x_wconf 84' lang='lat' dir='ltr'><strong>omnia</strong></span> <span class='ocrx_word' id='word_1_318' title='bbox 2059 4310 2159 4376; x_wconf 86' lang='lat' dir='ltr'><strong>vel</strong></span> <span class='ocrx_word' id='word_1_319' title='bbox 2193 4322 2366 4377; x_wconf 85' lang='lat' dir='ltr'><strong>certe</strong></span> <span class='ocrx_word' id='word_1_320' title='bbox 2395 4311 2534 4398; x_wconf 83' lang='lat' dir='ltr'><strong>plu-</strong></span> 
     </span>
     <span class='ocr_line' id='line_1_39' title="bbox 336 4414 2532 4503; baseline 0 -26"><span class='ocrx_word' id='word_1_321' title='bbox 336 4415 484 4478; x_wconf 85' lang='lat' dir='ltr'><strong>rima</strong></span> <span class='ocrx_word' id='word_1_322' title='bbox 528 4424 678 4502; x_wconf 84' lang='lat' dir='ltr'><strong>apte</strong></span> <span class='ocrx_word' id='word_1_323' title='bbox 724 4416 1093 4493; x_wconf 84' lang='lat' dir='ltr'><strong>cohaerere3</strong></span> <span class='ocrx_word' id='word_1_324' title='bbox 1138 4415 1341 4495; x_wconf 83' lang='lat' dir='ltr'><strong>alteri,</strong></span> <span class='ocrx_word' id='word_1_325' title='bbox 1392 4426 1459 4481; x_wconf 89' lang='lat' dir='ltr'><strong>et</strong></span> <span class='ocrx_word' id='word_1_326' title='bbox 1500 4417 1565 4481; x_wconf 90' lang='lat' dir='ltr'><strong>hi</strong></span> <span class='ocrx_word' id='word_1_327' title='bbox 1611 4414 1864 4503; x_wconf 78' lang='lat' dir='ltr'><strong>quidem</strong></span> <span class='ocrx_word' id='word_1_328' title='bbox 1907 4418 2098 4483; x_wconf 79' lang='lat' dir='ltr'><strong>variis</strong></span> <span class='ocrx_word' id='word_1_329' title='bbox 2141 4414 2364 4491; x_wconf 87' lang='lat' dir='ltr'><strong>modis,</strong></span> <span class='ocrx_word' id='word_1_330' title='bbox 2410 4415 2532 4479; x_wconf 86' lang='lat' dir='ltr'><strong>dis·</strong></span> 
     </span>
     <span class='ocr_line' id='line_1_40' title="bbox 337 4516 2532 4607; baseline 0.001 -29"><span class='ocrx_word' id='word_1_331' title='bbox 337 4518 691 4606; x_wconf 82' lang='lat' dir='ltr'><strong>iungendos</strong></span> <span class='ocrx_word' id='word_1_332' title='bbox 736 4519 1047 4607; x_wconf 84' lang='lat' dir='ltr'><strong>aliterque</strong></span> <span class='ocrx_word' id='word_1_333' title='bbox 1091 4516 1537 4607; x_wconf 46' lang='lat' dir='ltr'><strong>disponendos,</strong></span> <span class='ocrx_word' id='word_1_334' title='bbox 1567 4531 1952 4587; x_wconf 82' lang='lat' dir='ltr'><strong>censuerunt</strong></span> <span class='ocrx_word' id='word_1_335' title='bbox 1980 4519 2178 4585; x_wconf 88' lang='lat' dir='ltr'><strong>libros</strong></span> <span class='ocrx_word' id='word_1_336' title='bbox 2208 4517 2532 4606; x_wconf 82' lang='lat' dir='ltr'><strong>metaphy-</strong></span> 
     </span>
    </p>
   </div>
  </div>
 </body>
</html>
