3109 5175
606 359 752 438 470
1421 362 1501 432 Λ
1561 357 1623 431 l.
1706 356 1974 432 10690.

610 547 964 616 concretae,
1006 537 1084 601 cl'.
1131 538 1185 601 Δ
1218 538 1325 601 25.
1368 533 1411 599 l.
1442 534 1485 599 l.
1538 573 1616 586 —
1667 535 1778 601 Sin
1824 544 2052 614 autem,
2096 535 2182 598 ait
2227 532 2338 597 Ar.
2380 534 2545 611 «120,
2588 535 2805 622 singu-

606 641 808 707 larum
864 643 1326 730 categoriarum
1384 642 1610 705 seriem
1668 637 1983 725 quandam
2027 659 2167 703 esse
2212 639 2513 724 ponimus
2557 638 2703 714 (καὶ
2752 641 2808 701 εὶ

608 748 701 829 τῷ
743 743 1049 833 ἑφεξῆς),
1106 747 1294 810 etiam
1345 748 1437 808 sic
1480 742 1830 808 substantia
1877 745 2223 831 principem
2269 740 2484 806 locum
2528 741 2804 816 obtinet3

606 848 848 935 reliqua
894 852 1102 914 omnia
1150 871 1224 913 ex
1268 846 1617 913 substantia
1665 869 1968 933 suspensa
2015 857 2164 912 sunt
2209 855 2272 911 et
2317 866 2392 909 ex
2440 868 2513 910 ea
2557 843 2806 909 demum

608 951 675 1018 id
720 952 841 1017 sibi
886 964 1196 1038 repetunt,
1240 964 1310 1018 ut
1355 973 1493 1015 esse
1541 949 1849 1032 dicantur,
1893 972 2016 1016 nec
2058 949 2430 1035 simpliciter
2475 971 2550 1013 ac
2582 968 2701 1035 per
2735 969 2808 1012 se

610 1052 913 1138 (ἁπλῶς)
972 1078 1112 1121 esse
1168 1066 1457 1142 possunt.
1548 1057 1723 1138 (α21
1772 1050 1914 1139 ἅμα
1963 1051 2021 1119 δ’
2061 1049 2201 1120 οὐδ’
2243 1047 2407 1118 ὄντα
2465 1050 2552 1129 ὡς
2607 1056 2810 1116 εὶπεῖν

609 1156 834 1237 ἁπλῶς
875 1162 1103 1238 ταῦτα,
1147 1156 1291 1225 οἷον
1333 1155 1676 1239 ποιότητες
1717 1160 1828 1223 καὶ
1865 1153 2162 1237 κινήσεις,
2205 1148 2249 1236 ἢ
2285 1159 2397 1222 καὶ
2432 1151 2513 1221 τὸ
2553 1152 2632 1222 οὐ
2665 1157 2811 1219 isv-

609 1257 731 1330 κᾶν
769 1266 884 1330 καὶ
928 1260 1045 1330 οὐκ
1090 1258 1277 1328 εὐθύ.
1366 1262 1543 1327 Haec
1585 1262 1784 1327 verba
1830 1266 1916 1328 ita
1964 1261 2230 1340 exhibui,
2277 1271 2348 1327 ut
2395 1260 2570 1326 Alex.
2619 1281 2692 1324 ea
2737 1279 2811 1324 se

610 1366 910 1433 habuisse
955 1366 1189 1433 diserte
1234 1376 1499 1432 testatur
1541 1391 1605 1454 p.
1637 1368 1785 1444 642,
1829 1368 1947 1446 20,
2002 1376 2445 1453 praeterquam
2504 1362 2676 1450 quod
2724 1359 2812 1438 ὡς

614 1475 817 1537 εἰπεῖν
851 1469 1074 1548 ἁπλῶς
1108 1471 1373 1561 vulgato
1414 1469 1642 1536 ordine
1676 1474 1928 1536 retinui.
1990 1468 2210 1557 Vulgo
2241 1491 2362 1556 pro
2400 1471 2628 1545 ταῦτα,
2667 1463 2814 1533 οἷον

615 1574 944 1641 exhibetur
984 1565 1198 1640 τᾶλλα
1240 1570 1414 1640 ἄλλοί
1457 1586 1522 1639 et
1563 1566 1602 1664 ᾖ
1646 1596 1768 1661 pro
1814 1569 1875 1656 ἤ.
1952 1576 2037 1639 Et
2072 1574 2200 1638 hoc
2237 1572 2491 1660 quidem
2530 1573 2736 1657 ipsum
2773 1560 2815 1660 ᾖ

612 1679 764 1744 facit
807 1691 878 1745 ut
917 1678 1334 1766 praeferenda
1377 1682 1459 1743 sit
1490 1678 1666 1743 Alex.
1704 1677 1932 1756 lectio;
1975 1668 2016 1766 ᾖ
2062 1681 2227 1743 enim
2271 1667 2406 1741 non
2449 1688 2668 1763 potest
2703 1673 2817 1738 ali-

614 1793 715 1848 ta·
755 1785 879 1848 nisi
918 1783 1089 1848 hunc
1131 1785 1199 1847 in
1237 1782 1492 1848 modum
1531 1783 1861 1869 explicari:
1906 1804 2068 1870 quae
2109 1791 2364 1869 praeter
2396 1780 2814 1846 substantiam

614 1897 779 1967 sunt,
819 1909 900 1952 ea
932 1909 1067 1952 non
1104 1886 1481 1974 simpliciter,
1519 1887 1632 1953 sed
1672 1885 2144 1973 quodammodo
2186 1908 2325 1951 esse
2357 1883 2667 1961 dicuntur,
2707 1903 2819 1949 eo-

615 1989 760 2057 dem
791 1991 1006 2069 modo,
1048 2013 1178 2079 quo
1218 1995 1405 2057 etiam
1446 1990 1841 2057 non-album
1883 1989 1989 2055 vel
2026 2001 2450 2056 non-rectum
2493 2010 2633 2054 esse
2676 2009 2821 2074 per-

614 2096 884 2162 hibetur.
973 2096 1058 2161 At
1115 2096 1279 2160 hanc
1334 2094 1818 2181 explicationem
1875 2093 2212 2160 admodum
2273 2115 2413 2159 esse
2459 2102 2816 2157 contortam

614 2199 800 2265 facile
828 2199 1159 2277 concedet,
1204 2203 1312 2286 qui
1358 2203 1750 2285 reputaverit
1790 2199 2123 2265 relativum
2165 2188 2207 2290 ᾗ
2251 2219 2385 2263 non
2422 2197 2627 2260 statim
2667 2204 2822 2281 post

616 2299 839 2380 ἁπλῶς
875 2308 1049 2388 poni,
1089 2302 1207 2368 sed
1235 2307 1456 2368 inseri:
1501 2299 1674 2368 ἀλλὰ
1711 2299 2052 2383 ποιότητες
2088 2305 2200 2368 καὶ
2233 2295 2612 2379 ποσότητες,
2652 2319 2820 2384 quae

618 2405 697 2471 ad
742 2407 953 2485 verba,
998 2409 1052 2470 si
1091 2410 1290 2492 ipsam
1323 2410 1640 2472 enunciati
1671 2408 2243 2473 conformationem
2283 2406 2587 2491 sequeris,
2626 2401 2822 2468 debet

617 2509 838 2575 referri
899 2500 970 2601 ᾗ,
1026 2513 1123 2575 sin
1178 2514 1556 2576 sententiam
1588 2516 1992 2599 respexeris,
2046 2531 2183 2577 non
2239 2518 2472 2596 potest.
2565 2506 2823 2592 Quodsi

615 2615 984 2702 particulam
1030 2609 1074 2695 ἦ
1121 2638 1196 2681 ex
1243 2614 1420 2681 Alex.
1464 2620 1908 2703 receperimus,
1952 2615 2101 2681 inde
2148 2635 2546 2700 consequens
2592 2623 2705 2690 est,
2751 2623 2824 2678 ut

618 2724 686 2784 in
733 2721 1169 2806 superioribus
1217 2724 1402 2785 etiam
1446 2721 1658 2786 verbis
1698 2723 1832 2785 eius
1863 2719 2204 2785 lectionem
2233 2741 2583 2804 sequamur,
2629 2739 2821 2803 quum

620 2846 738 2910 per
780 2847 852 2889 se
895 2837 1165 2911 utraque
1210 2824 1441 2889 habeat
1484 2847 1613 2911 quo
1662 2823 2100 2903 defendatur).
2192 2822 2367 2907 Quin
2414 2846 2486 2887 ea
2536 2834 2632 2887 est
2674 2821 2819 2887 sub·

618 2931 886 2993 stantiae
931 2932 1046 3007 vis,
1091 2938 1164 2994 ut
1206 2928 1311 2993 vel
1349 2950 1440 3007 ea,
1487 2918 1650 3014 quae
1692 2940 1929 2993 certum
1954 2927 2285 3014 quidpiam
2318 2947 2450 2991 non
2484 2936 2649 3003 sunt,
2692 2924 2825 2990 vel-

617 3035 712 3098 uti
754 3031 1186 3107 non-album,
1246 3036 1541 3118 quoniam
1588 3034 1921 3097 inhaerent
1964 3031 2383 3109 substantiae,
2426 3052 2568 3095 esse
2610 3029 2827 3094 dican-

618 3147 738 3200 tur.
831 3136 1165 3201 Praeterea
1211 3135 1624 3201 substantiam
1668 3139 2016 3223 principem
2066 3148 2286 3200 tenere
2342 3133 2555 3199 locum
2601 3146 2666 3198 et
2708 3154 2827 3220 po·

620 3241 921 3304 tissimum
967 3237 1395 3327 indagandam
1442 3262 1615 3319 esse,
1666 3251 1915 3305 veteres
1974 3243 2096 3304 iam
2152 3237 2519 3325 philosophi
2569 3241 2706 3323 ipsa
2752 3259 2826 3302 re

622 3353 949 3421 testantur,
997 3355 1377 3429 quaerentes
1424 3342 1507 3409 de
1550 3345 1942 3410 substantiae
1979 3346 2327 3431 principiiS,
2362 3345 2517 3407 ⁴125.
2584 3344 2671 3407 Et
2714 3343 2829 3407 ho·

622 3445 828 3511 dierni
874 3446 1125 3533 quidem
1172 3447 1538 3534 philosophi
1583 3452 1688 3528 (οἱ
1732 3450 1851 3515 νῦν
1891 3451 2057 3526 α26,
2101 3451 2142 3512 i.
2174 3469 2229 3511 e.
2278 3445 2613 3524 Platonici,
2664 3467 2828 3532 quos

620 3552 789 3615 enim
839 3549 1001 3617 alios
1039 3552 1217 3617 Alex.
1263 3576 1324 3638 p.
1353 3555 1502 3631 643,
1550 3555 1633 3618 16
1679 3552 1950 3642 intelligi
1997 3551 2152 3616 velit
2196 3573 2329 3617 non
2374 3548 2628 3633 video),
2672 3571 2830 3635 quo-

619 3657 793 3719 niam
857 3658 923 3721 in
983 3657 1357 3723 notionibus
1418 3655 1886 3745 cognoscendis
1948 3677 2196 3722 omnem
2259 3676 2521 3741 operam
2577 3664 2833 3738 ponunt

620 3759 955 3841 (λογικῶς,
997 3760 1081 3825 cf.
1128 3760 1211 3826 ad
1254 3762 1323 3827 Γ
1356 3764 1418 3828 3.
1471 3760 1675 3826 moab
1709 3763 1816 3826 22.
1877 3764 1948 3826 A
1989 3764 2050 3827 6.
2102 3761 2262 3825 987⁶
2300 3761 2371 3826 3:
2422 3752 2832 3844 Σωκράτους

620 3864 768 3948 περὶ
805 3858 1096 3949 ὁρισμῶν
1131 3861 1606 3946 ἐπιστήσαντος
1643 3862 1903 3951 πρώτου
1930 3859 2054 3945 τὴν
2082 3859 2406 3931 διάνοιαν.
2461 3862 2518 3927 Θ
2539 3864 2601 3928 8.
2629 3865 2832 3929 105οῠ

622 3967 739 4030 33:
787 3969 851 4030 οὶ
893 3972 965 4032 ἐν
1010 3980 1150 4046 τοῖς
1186 3965 1426 4054 λόγοις,
1468 3972 1509 4032 i.
1533 3990 1590 4033 e.
1618 3968 1952 4047 Platonici,
1990 3968 2069 4032 cf.
2108 3966 2187 4032 ad
2224 3967 2284 4031 h.
2309 3967 2411 4047 l.),
2454 3967 2832 4032 notionibus

623 4070 1084 4136 universalibus
1131 4072 1526 4138 tribuendam
1577 4084 1802 4159 putant
1844 4072 2232 4138 substantiae
2280 4071 2683 4160 dignitatemz
2727 4091 2834 4135 ve·

621 4184 793 4238 teres
841 4185 1048 4239 autem
1095 4175 1464 4263 philosophi
1518 4198 1652 4241 non
1698 4176 2114 4241 universalem
2164 4179 2452 4262 corporis
2498 4178 2831 4240 notionem

627 4270 738 4358 (τὸ
769 4271 993 4343 κοινὸν
1023 4280 1213 4363 σῶμα
1237 4280 1390 4359 630,
1433 4274 1657 4345 κοινόν
1684 4284 1725 4344 i.
1744 4302 1803 4366 q.
1833 4275 2157 4358 καθόλου,
2182 4280 2261 4345 cf.
2287 4281 2349 4345 Ζ
2369 4281 2473 4345 13.
2498 4280 2705 4346 10381)
2727 4283 2831 4346 ll.

629 4384 731 4447 16.
768 4383 973 4447 104οῠ
997 4383 1086 4449 23
1118 4405 1251 4469 sqq.
1305 4383 1350 4447 1
1376 4385 1436 4448 2.
1472 4385 1674 4449 1053ὁ
1699 4386 1802 4449 19.
1835 4383 1914 4447 al.
1930 4389 1975 4464 ),
2019 4382 2135 4448 sed
2173 4383 2419 4471 singula
2458 4406 2731 4472 corpora
2773 4394 2835 4450 et

630 4505 705 4549 ea
750 4484 1003 4570 quidem
1047 4485 1502 4573 simplicissima
1545 4487 1932 4555 substantias
1979 4508 2119 4554 esse
2165 4499 2567 4555 censuerunt.
