3109 5175
1143 373 1219 443 Z
1266 368 1376 444 14.
1460 368 1649 444 1039
1665 369 1728 442 b.
2392 357 2531 447 351

332 544 554 611 haberi
597 545 871 611 hominis
918 548 1065 631 equi
1110 545 1423 612 similium.
1499 548 1642 612 Nec
1684 545 1890 611 solum
1934 545 2086 613 illae
2120 550 2366 632 species
2405 552 2538 614 ani·

332 647 587 715 malium
631 648 848 736 plures
894 661 1058 728 sunt,
1102 648 1215 715 sed
1261 653 1397 736 ipsa
1443 648 1588 715 idea
1632 650 1917 715 animalis
1960 654 2027 715 in
2073 650 2536 717 multitudinem

332 752 523 818 abeat
565 773 828 818 necesse
864 763 979 832 est,
1019 747 1235 818 πολλὰ
1278 754 1464 818 ἔσται
1505 748 1669 819 αὐτὸ
1714 749 1792 819 τὸ
1835 753 2005 837 ζῷον
2042 757 2146 820 ῠ9.
2221 756 2386 820 Nam
2426 761 2537 836 (ts

330 851 459 942 γάρ
498 858 602 935 ὄ9,
648 866 810 941 part.
849 879 918 922 τε
965 855 1297 922 referenda
1345 867 1442 921 est
1484 856 1565 921 ad
1604 867 1765 944 part.
1801 860 1913 923 καὶ
1956 860 2050 922 ἔτι
2083 861 2253 939 ῠ11)
2296 857 2365 923 id
2407 861 2538 923 ani-

332 958 474 1038 mal,
520 958 693 1045 quod
731 962 799 1023 in
837 959 1177 1026 cuiuslibet
1210 959 1494 1025 animalis
1535 959 1913 1027 definitione
1952 964 2314 1026 continetur
2353 999 2434 1013 -
2473 973 2539 1027 et

334 1084 408 1127 ea
455 1061 708 1149 quidem
752 1061 948 1127 multa
995 1085 1071 1127 ac
1114 1063 1363 1128 diversa
1407 1085 1674 1129 numero
1723 1085 1863 1129 esse
1906 1067 2284 1150 sumpsimus
2317 1067 2399 1130 ⁶7
2437 1101 2537 1144 —,

335 1170 470 1231 eius
512 1176 611 1231 est
648 1164 998 1230 substantia
1041 1170 1070 1247 (
1081 1163 1162 1231 οὐ
1202 1159 1331 1252 γὰρ
1375 1163 1519 1254 καῖ’
1559 1160 1723 1232 ἄλλο
1769 1169 2023 1250 λέγεται
2055 1170 2201 1246 blo,
2242 1172 2356 1232 int.
2388 1172 2538 1232 ἕκα-

334 1290 511 1347 στον,
559 1271 602 1334 i.
637 1290 691 1333 e.
737 1262 1015 1334 ἑκάστου
1059 1265 1229 1352 ζῴου
1271 1265 1389 1333 οὐκ
1432 1270 1608 1334 ἔστιν
1650 1262 1815 1334 ἄλλο
1859 1274 2047 1353 γένος
2088 1273 2203 1336 καὶ
2238 1267 2450 1349 οὐσία,
2492 1263 2540 1351 ἢ

334 1367 497 1438 αὐτὸ
554 1369 634 1437 τὸ
692 1371 878 1454 ζῷον.
955 1372 1033 1438 cf.
1083 1370 1164 1436 de
1208 1376 1272 1435 vi
1327 1394 1546 1458 praep.
1591 1368 1765 1436 κατά
1807 1371 1889 1437 ad
1933 1374 2006 1438 A
2049 1378 2110 1440 6.
2152 1375 2317 1440 987⁶
2355 1376 2425 1438 9:
2484 1377 2541 1439 si

334 1476 403 1540 δὲ
438 1471 551 1558 μή,
588 1477 630 1539 i.
665 1496 719 1539 e.
761 1479 815 1539 εὶ
852 1475 922 1540 δὲ
957 1471 1099 1539 κατ’
1136 1467 1299 1540 ἄλλο
1340 1476 1594 1558 λέγεται
1631 1479 1924 1555 ἕκαστον,
1957 1473 2027 1554 ἐξ
2063 1478 2325 1554 ἐκείνου,
2364 1472 2530 1540 καθ’

336 1572 374 1642 ὃ
417 1580 700 1661 λέγεται,
757 1580 943 1642 ἔσται
984 1575 1021 1643 ὁ
1067 1571 1461 1662 ἄνθρωπος,
1510 1580 1624 1643 καὶ
1666 1581 1854 1660 γένος
1896 1576 2105 1645 αὐτοῦ
2144 1584 2381 1657 ἐκεῖνο,
2423 1582 2537 1645 int.

334 1677 479 1746 ἀλλ’
520 1679 602 1746 οὐ
639 1675 718 1746 τὸ
762 1680 972 1763 ζῷον..
1013 1684 1213 1769 igitur
1256 1691 1387 1746 tum
1432 1680 1783 1768 exemplum
1824 1680 2095 1768 quidem,
2139 1703 2265 1768 quo
2307 1685 2542 1747 utimur

333 1783 701 1849 mutandum
747 1794 940 1863 esset,
998 1787 1053 1847 si
1108 1782 1341 1848 animal
1383 1806 1516 1851 non
1564 1807 1950 1872 poneremus
1996 1807 2136 1850 esse
2178 1807 2383 1873 genus
2427 1786 2543 1850 ho-

333 1889 538 1966 minis,
574 1908 679 1953 res
713 1891 852 1973 ipsa
889 1908 1025 1953 non
1057 1891 1474 1968 mutaretur);
1518 1899 1709 1974 atque
1746 1900 1976 1974 partes,
2016 1910 2091 1954 ex
2128 1889 2357 1973 quibus
2394 1888 2543 1954 idea

336 1990 548 2076 aliqua
594 2000 872 2068 constat,
925 1990 1124 2055 veluti
1169 1990 1443 2054 hominis
1486 1990 1633 2055 idea
1677 1996 1744 2055 in
1788 2012 1860 2056 se
1905 1993 2194 2056 continet
2234 1985 2311 2057 τὸ
2355 1991 2542 2074 ζῷον,

336 2088 417 2158 τὸ
462 2094 697 2159 δίπουν
741 2092 842 2172 al.‚
886 2103 950 2158 et
991 2096 1163 2179 ipsas
1209 2092 1386 2159 ideas
1430 2114 1573 2158 esse
1618 2104 1895 2179 oportet,
1938 2115 2062 2159 nec
2102 2104 2319 2181 potest
2360 2094 2544 2180 qnid-

337 2219 521 2283 quam
566 2197 729 2263 alius
777 2218 917 2262 esse
962 2195 1343 2275 substantia,
1393 2195 1553 2261 alius
1597 2196 1763 2262 idea.
1848 2197 1945 2261 Ita
1991 2219 2181 2282 quum
2224 2209 2543 2284 appareat,

336 2304 540 2387 ipsam
577 2300 859 2365 animalis
892 2299 1099 2365 ideam
1134 2298 1728 2367 multitudinem
1764 2303 1833 2365 in
1869 2321 1939 2365 se
1975 2303 2321 2380 continere,
2356 2322 2545 2388 quae-

336 2404 604 2471 rendum
651 2415 777 2482 est,
834 2406 888 2467 si
944 2405 1145 2489 ipsam
1197 2408 1518 2488 sequimur
1560 2404 2035 2472 Platonicorum
2078 2408 2418 2483 rationem,
2472 2409 2545 2469 ἐκ

338 2510 517 2584 τίνος
570 2510 803 2590 τοῦτος
860 2510 972 2572 int.
1017 2500 1094 2572 τὸ
1139 2512 1210 2573 ἐν
1252 2503 1505 2593 ἑκάστῳ
1553 2503 1695 2593 ζῴῳ
1740 2504 1821 2575 ὂν
1863 2504 2027 2573 αὐτὸ
2071 2507 2258 2590 ζῷον.
2346 2509 2545 2573 Nimi-

337 2633 476 2677 rum
524 2633 599 2676 ex
645 2630 755 2689 eo,
815 2608 990 2696 quod
1045 2614 1309 2698 ponitur
1362 2633 1556 2678 unum
1616 2634 1785 2692 esse,
1840 2609 2162 2695 αὐτοζῴῳ.
2252 2612 2339 2675 At
2389 2631 2545 2696 quo·

338 2715 536 2780 modo
598 2736 673 2779 ex
729 2735 810 2780 eo
871 2717 1140 2801 cogitari
1199 2726 1416 2800 potest
1474 2719 1778 2781 exsistere
1833 2714 2012 2785 ideas
2065 2714 2207 2780 illas
2259 2713 2543 2779 animalis

337 2818 555 2905 plures
601 2828 666 2882 et
707 2821 878 2882 inter
912 2838 983 2880 se
1026 2814 1389 2882 distinctas?
1460 2819 1636 2882 Haec
1678 2822 1995 2883 sententia
2038 2816 2292 2882 videtur
2332 2820 2545 2882 inesse

339 2921 578 2988 debere
622 2923 721 2986 his
763 2919 976 2985 verbis
1013 2922 1172 2986 bl5:
1228 2922 1343 2986 καὶ
1383 2922 1522 2997 πῶς
1565 2918 1635 2999 ἐξ
1678 2918 1886 2987 αὐτοῦ
1927 2920 2129 3004 ζῷονς
2188 2940 2350 3005 quae
2395 2918 2547 2983 licet

339 3028 426 3091 ita
483 3028 690 3112 possit
740 3022 895 3089 inde
949 3025 1157 3109 repeti
1214 3033 1284 3088 ut
1339 3020 1546 3089 αὐτοῦ
1601 3022 1771 3089 idem
1815 3045 1955 3089 esse
2001 3022 2310 3102 dicamus,
2368 3022 2545 3108 quod

340 3140 526 3194 antea
566 3151 683 3215 per
723 3145 910 3213 pron.
951 3129 1130 3202 τίνος
1173 3127 1597 3214 significatum
1644 3138 1795 3207 erat,
1841 3138 1907 3193 et
1948 3127 2119 3210 ζῷον
2160 3124 2547 3214 singularem

338 3232 626 3298 animalis
667 3229 894 3309 ideam,
939 3229 1184 3294 facilius
1229 3240 1441 3295 tamen
1476 3242 1625 3317 apta
1654 3234 1967 3296 sententia
2001 3233 2274 3309 exsistet,
2316 3232 2372 3295 si
2405 3252 2547 3294 cum

342 3334 532 3401 codd.
564 3333 763 3399 EST
793 3332 937 3398 edd.
969 3331 1114 3397 Ald.
1147 3332 1328 3417 sylb.
1360 3336 1538 3397 Bess.
1573 3329 1778 3398 αὐτοῦ
1815 3328 2018 3415 ζῴου
2054 3333 2160 3399 vel
2194 3356 2335 3398 cum
2364 3331 2544 3397 Alex.

341 3464 405 3527 p.
439 3442 586 3518 498,
632 3442 674 3504 6
722 3448 787 3502 et
828 3459 888 3501 v.
921 3435 964 3502 l.
1010 3435 1154 3501 cod.
1189 3436 1262 3500 E
1301 3430 1719 3517 αὐτοζῴου
1760 3440 2216 3522 scripserimus.
2248 3472 2332 3486 ——
2380 3437 2549 3500 Ean·

343 3543 489 3609 dem
547 3539 981 3608 difficultatem
1040 3540 1450 3626 sequentibus
1503 3541 1791 3625 proxime
1844 3538 2062 3604 verbis
2118 3538 2242 3603 alia
2296 3541 2547 3603 ratione

344 3645 691 3734 significan
749 3653 936 3709 antea
980 3646 1321 3729 quaesivit,
1378 3641 1704 3728 quomodo
1765 3663 1841 3707 ex
1898 3636 2203 3726 αὐτοζῴῳ
2250 3643 2551 3706 exsistant

343 3749 636 3836 singulae
679 3749 1027 3834 specierum
1073 3746 1432 3812 animalium
1475 3745 1692 3823 ideae;
1747 3748 1869 3810 iam
1914 3748 2186 3831 quaerit,
2243 3747 2352 3836 qui
2399 3765 2550 3830 pos-

345 3856 430 3917 sit
486 3852 750 3917 alterum
812 3853 985 3915 iuxta
1047 3849 1315 3915 alterum
1380 3852 1646 3916 seorsim
1716 3852 2045 3915 exsistere:
2109 3840 2155 3928 ἢ
2208 3848 2346 3923 πῶς
2401 3841 2550 3912 οἷόν

344 3978 414 4020 τε
460 3950 627 4020 εἶναι
670 3948 748 4020 τὸ
793 3953 962 4038 ζῷον
1007 3948 1046 4019 ὃ
1092 3950 1315 4031 οὐσία,
1369 3955 1565 4019 τοῦτο
1626 3947 1788 4018 αὐτὸ
1831 3950 1991 4035 παρ’
2031 3945 2194 4017 αὐτὸ
2237 3945 2315 4015 τὸ
2360 3949 2547 4033 ζῷον.

346 4057 569 4123 Verba
613 4058 810 4123 τοῦτο
855 4050 1048 4133 αὐτό,
1105 4067 1178 4122 ut
1230 4079 1403 4122 nunc
1456 4065 1662 4121 textus
1722 4065 1788 4121 et
1844 4055 2179 4120 exhibetur
2222 4064 2287 4118 et
2332 4052 2551 4118 distin·

345 4164 590 4248 guitur,
634 4157 974 4225 admodum
1017 4170 1168 4224 sunt
1208 4158 1539 4249 languida3
1594 4161 1715 4223 nisi
1760 4157 1951 4225 fallor
1993 4157 2311 4224 lenissima
2354 4167 2550 4225 muta-

346 4266 525 4328 tione
563 4261 967 4329 scribendum
1009 4275 1132 4327 est:
1175 4256 1220 4342 ἢ
1261 4266 1399 4338 πῶς
1443 4258 1591 4330 οἷόν
1632 4285 1703 4327 τε
1747 4256 1914 4327 εἶναι
1955 4255 2034 4327 τὸ
2079 4261 2247 4344 ζῷον
2290 4262 2442 4339 (int.
2472 4252 2547 4324 τὸ

346 4369 418 4430 ἂν
459 4360 714 4449 ἑκάστῳ
756 4366 995 4449 ζῷον),
1053 4355 1107 4449 ᾦ
1151 4368 1328 4447 (sive
1371 4357 1499 4446 οὗ)
1559 4362 1756 4433 οὐσία
1809 4368 2005 4431 τοῦτο
2062 4359 2227 4428 αὐτό
2274 4364 2426 4443 (int.
2469 4353 2548 4426 τὸ

345 4464 488 4553 ζῴῳ
532 4464 717 4547 εἶναι,
762 4469 840 4534 cf.
883 4471 912 4525 b
927 4471 1028 4549 8),
1070 4466 1229 4556 παρ’
1269 4462 1433 4535 αὐτὸ
1475 4461 1554 4533 τὸ
1600 4468 1786 4552 ζῷον.
