3109 5175
572 373 724 449 212
1404 372 1476 442 Γ
1515 368 1586 444 7.
1668 368 1848 442 1011
1876 368 1939 441 b.

578 552 765 617 detur
805 549 1103 615 effectum
1151 567 1321 627 esse,
1380 546 1555 634 quod
1613 547 1937 633 principio
1996 542 2233 609 exclusi
2276 542 2471 609 medii
2513 544 2789 631 perinde

579 680 655 722 ac
694 657 1014 743 principio
1057 650 1582 717 contradictionis
1638 670 1774 715 non
1830 660 1954 714 tam
2006 651 2343 713 notionum
2391 651 2791 737 coniungen-

579 760 798 824 darum
842 758 1073 846 legem,
1129 777 1311 842 quam
1357 759 1629 842 ipsarum
1672 775 1879 818 rerum
1924 760 2213 817 naturam
2259 755 2576 818 contina-i
2621 753 2789 817 arbi‹

580 872 797 941 tratur,
843 862 920 926 cf.
967 860 1049 926 ad
1093 862 1154 926 3.
1203 862 1405 924 100511
1447 862 1550 923 19.

716 967 918 1032 1011»
958 967 1045 1030 25
1095 965 1350 1043 δῆλον
1403 1000 1483 1015 -—
1529 964 1620 1027 29
1663 955 1768 1045 μὴ
1816 956 1922 1025 ὅν.
2011 961 2498 1030 Demonstmtio
2553 964 2793 1047 petitur

583 1091 657 1135 ex
695 1091 769 1134 ea
805 1085 988 1156 quam
1021 1070 1214 1154 ponit
1239 1069 1509 1131 notione
1542 1066 1845 1131 veritatis.
1914 1065 2157 1130 Verum
2203 1069 2256 1128 is
2304 1064 2473 1142 dicit,
2518 1065 2628 1150 qui
2677 1084 2791 1128 ens

584 1193 724 1239 esse
767 1183 836 1238 et
878 1191 1178 1237 non-ens
1221 1191 1356 1234 non
1414 1191 1559 1234 esse
1613 1168 1796 1245 dicit,
1855 1166 2097 1234 fallitur
2150 1171 2261 1255 qui
2319 1188 2502 1232 seeus
2551 1169 2791 1232 statuit,

585 1280 712 1344 Iam
759 1278 811 1342 si
848 1278 986 1362 quis
1022 1273 1296 1340 medium
1335 1275 1555 1339 statuit
1587 1276 1758 1337 inter
1792 1269 2306 1349 contradictoria,
2355 1271 2416 1336 h.
2449 1292 2505 1335 e.
2551 1269 2795 1357 aliquid

584 1379 760 1468 quod
819 1401 942 1444 nee
997 1399 1109 1444 ens
1169 1389 1267 1443 est
1320 1399 1444 1442 nec
1498 1397 1828 1453 non-ens,
1886 1378 2022 1439 sive
2080 1376 2209 1440 boc
2262 1395 2404 1440 esse
2457 1373 2614 1439 dicit
2656 1376 2794 1438 sive

584 1505 720 1551 non
764 1505 921 1563 esse,
965 1504 1089 1547 nec
1130 1503 1352 1547 verum
1383 1480 1542 1545 dicit
1576 1501 1697 1546 nec
1732 1478 2001 1554 fallitur3
2047 1479 2223 1565 quod
2258 1477 2657 1543 manifestum
2697 1488 2798 1543 est

454 1579 460 1590 ⁸
585 1610 661 1654 ex
704 1590 911 1674 posita
956 1588 1240 1651 veritatis
1287 1589 1575 1650 notione.
1669 1585 1845 1672 Ergo
1893 1582 2165 1648 concedi
2207 1603 2343 1647 non
2387 1593 2608 1670 potest
2654 1604 2795 1649 esse

587 1690 840 1778 aliquid,
885 1688 1061 1776 quod
1103 1710 1224 1754 nec
1269 1711 1382 1754 ens
1427 1693 1509 1755 sit
1552 1710 1675 1753 nec
1709 1708 2028 1753 non-ens.
2064 1725 2159 1746 —.
2192 1688 2389 1753 τοῦτο
2426 1687 2573 1765 1228,
2617 1686 2795 1773 quod

589 1817 664 1860 ex
710 1792 1054 1859 Alexandri
1098 1795 1475 1858 auctoritate
1519 1815 1584 1881 p.
1627 1793 1775 1869 287,
1822 1795 1860 1858 l
1907 1794 1973 1856 in
2021 1800 2194 1856 textu
2252 1794 2468 1876 posui,
2527 1790 2608 1856 ad
2655 1812 2796 1855 sen-

587 1901 848 1964 tentiam
891 1900 1256 1964 necessario
1293 1899 1656 1982 requiritur.
1730 1895 1895 1960 Nam
1942 1898 1996 1959 si
2042 1897 2329 1961 omiseris
2373 1893 2535 1959 iliud
2577 1894 2797 1970 τοῦτο,

586 2000 1011 2090 supplendum
1057 2012 1157 2066 est
1198 2021 1559 2087 pronomen
1606 1998 2004 2064 indefinitum
2042 2023 2125 2078 τι,
2170 2009 2235 2063 et
2268 1998 2465 2063 verba
2507 1992 2672 2064 ὥθ’τε
2709 2031 2795 2056 -‚-

584 2102 903 2196 ψεύσεται
956 2104 1116 2170 nihil
1163 2104 1336 2171 aliud
1380 2102 1763 2193 significant,
1803 2106 1928 2168 nisi
1972 2123 2190 2168 verum
2238 2101 2457 2166 dicere
2494 2100 2600 2165 vel
2645 2099 2797 2178 falli,

586 2213 696 2296 qui
742 2207 895 2295 quid
938 2206 1044 2272 vel
1087 2208 1363 2274 affirmet
1404 2208 1509 2272 vel
1553 2215 1782 2293 neget3
1843 2215 1909 2271 at
1952 2210 2007 2271 si
2055 2206 2377 2272 addideris
2424 2208 2618 2270 τοῦτο
2665 2208 2705 2269 i.
2740 2225 2795 2269 e.

586 2306 665 2378 τὸ
709 2309 872 2395 μήτε
917 2304 998 2376 ὂν
1039 2307 1201 2395 μήτε
1246 2305 1339 2397 μὴ
1385 2306 1493 2391 ὅν,
1548 2312 1835 2375 veritatis
1892 2314 2076 2376 notio
2124 2309 2465 2375 adhibetur
2508 2307 2590 2372 ad
2634 2306 2796 2374 illud

589 2415 765 2503 quod
810 2418 1073 2501 ponitur
1114 2414 1387 2480 medium
1438 2436 1577 2479 esse
1622 2417 1790 2479 inter
1834 2412 2347 2478 contradictoria.
2423 2410 2799 2477 Adhibenda

590 2525 760 2584 esset
805 2514 1207 2601 (ἀληθεύσει
1250 2514 1295 2599 ἢ
1338 2513 1672 2605 ψεύσεται,
1717 2518 1995 2584 futurum
2043 2515 2480 2583 conditionale
2526 2516 2604 2581 cf.
2634 2517 2796 2582 Obs.

588 2647 651 2710 p.
688 2625 844 2703 62),
903 2626 992 2687 ait
1034 2622 1445 2702 Aristotelea,
1504 2623 1613 2688 illa
1668 2622 1771 2688 lex
1816 2625 2100 2688 veritatis
2146 2626 2333 2686 etiam
2379 2625 2447 2687 in
2490 2642 2638 2702 eoa,
2693 2623 2799 2707 qui

589 2726 863 2792 modium
911 2726 1062 2813 quid
1111 2748 1251 2791 esse
1293 2725 1526 2793 volunt
1568 2731 1739 2793 inter
1782 2725 2309 2802 contradictoria;
2368 2736 2433 2791 at
2481 2748 2617 2791 non
2660 2737 2800 2813 pot·

590 2839 691 2894 est
745 2829 1032 2896 adhiberi
1081 2826 1273 2910 (ἀλλ’
1312 2824 1460 2897 οὔτε
1502 2832 1711 2914 κτλ),
1769 2834 1916 2918 quia
1973 2850 2095 2895 nec
2154 2852 2267 2895 ens
2322 2851 2445 2895 nec
2500 2850 2800 2896 non-ens

589 2933 940 2999 subiectum
990 2944 1088 3001 est
1128 2937 1622 3021 propositioniS,
1666 2935 1840 3021 quod
1886 2939 2231 3023 requiritur
2271 2938 2338 2999 in
2383 2938 2657 3000 notione
2694 2957 2802 3000 ve·

589 3039 807 3102 ritatis.
840 3076 929 3089 —-
965 3037 1324 3103 Admodum
1362 3037 1639 3105 dilucide
1678 3039 2036 3106 Alexander
2068 3041 2193 3105 hoe
2227 3022 2664 3128 argumentum
2700 3061 2801 3104 ex-

589 3143 812 3228 posuit
853 3164 915 3227 p.
945 3143 1096 3220 267,
1129 3144 1172 3207 6
1212 3164 1349 3228 sqq.

728 3244 1039 3311 mmm
1083 3244 1203 3311 ἔτι
1242 3284 1330 3298 —-
1377 3248 1587 3313 101211
1617 3252 1654 3314 l
1703 3245 2022 3335 ὁρᾶται.
2092 3249 2447 3334 Quaeritur
2489 3246 2677 3333 quale
2716 3249 2801 3311 sit

591 3346 752 3413 illud
796 3342 1044 3432 μεταξὺ
1086 3350 1204 3428 τῆς
1246 3346 1691 3440 ἀντιφάσεως,
1750 3360 1815 3417 et
1856 3373 1975 3439 per
2019 3350 2313 3421 dilemma
2358 3355 2799 3421 omnino-non

592 3472 737 3517 esse
783 3449 1271 3518 demonstratur.
1360 3453 1528 3520 lund
1573 3455 1864 3536 medium,
1910 3458 2013 3533 ait,
2059 3457 2232 3543 quod
2279 3461 2446 3523 inter
2489 3453 2802 3521 contradi·

594 3558 795 3621 ctoria
844 3576 983 3621 esse
1028 3555 1273 3636 volunt,
1318 3570 1426 3623 aut
1471 3580 1546 3623 ex
1594 3558 1818 3624 eodem
1864 3580 2105 3645 genere
2154 3572 2251 3626 est
2292 3565 2576 3648 petitum,
2626 3557 2803 3645 quod

590 3658 667 3724 fit
712 3664 777 3724 in
821 3658 1047 3724 mediis
1093 3663 1262 3726 inter
1303 3665 1637 3741 contraria,
1682 3661 1880 3728 veluti
1918 3663 2161 3730 fuscum
2194 3666 2469 3730 medium
2508 3674 2607 3728 est
2637 3667 2804 3728 inter

595 3767 847 3850 nigrum
895 3774 958 3828 et
1001 3763 1230 3843 album,
1278 3775 1386 3831 aut
1432 3789 1504 3830 ex
1552 3765 1680 3829 alio
1727 3788 1984 3854 genere,
2030 3767 2226 3832 veluti
2266 3772 2318 3833 si
2357 3772 2529 3833 canis
2558 3767 2802 3833 medius

594 3886 736 3930 esse
784 3866 1030 3932 dicatur
1074 3869 1353 3945 hominis
1393 3880 1456 3933 et
1501 3871 1662 3955 equi,
1709 3874 1853 3956 quia
1894 3893 2015 3937 nee
2049 3872 2242 3936 homo
2287 3884 2385 3937 est
2422 3894 2546 3938 nec
2582 3892 2800 3958 equus.

595 3970 741 4033 Hoc
786 3972 835 4032 si
881 3976 1208 4055 ponimus,
1269 3970 1579 4037 eiusmodi
1620 3973 1927 4056 medium,
1985 3999 2224 4066 genere
2270 3975 2610 4055 diversum,
2668 3994 2800 4039 non

596 4076 822 4137 mutari
881 4076 945 4138 in
994 4072 1359 4141 alterutrum
1409 4097 1445 4141 e
1492 4078 1987 4146 contradictorie
2033 4084 2345 4167 oppositis
2390 4090 2680 4168 apparet3
2740 4090 2805 4143 at

596 4176 994 4242 manifestum
1043 4189 1142 4243 est
1185 4184 1538 4268 (φαίνεται
1584 4183 1662 4246 cf.
1710 4182 1791 4246 ad
1832 4186 1899 4247 A
1938 4187 2000 4249 6.
2042 4186 2212 4249 988⁶
2249 4186 2332 4264 3)
2378 4192 2626 4250 omnem
2674 4204 2806 4247 mu-

598 4283 903 4346 tationem
947 4285 1013 4347 in
1060 4286 1137 4347 iis
1177 4289 1349 4350 cerni
1384 4283 1592 4363 rebus,
1639 4307 1801 4372 quae
1833 4286 1941 4352 vel
1974 4292 2316 4375 oppositae
2350 4291 2517 4353 inter
2549 4309 2619 4352 se
2655 4296 2805 4351 sunt

594 4383 701 4449 vel
755 4384 1004 4451 mediae
1062 4391 1229 4453 inter
1273 4390 1625 4476 oppositas.
1715 4392 1830 4456 Sin
1889 4402 2096 4456 autem
2152 4405 2407 4478 ponunt
2460 4390 2620 4458 illud
2674 4410 2804 4454 me-

595 4485 763 4552 dium
824 4509 964 4554 esse
1023 4490 1305 4556 eiusdem
1363 4496 1651 4580 generis,
1704 4516 1847 4560 esse
1899 4497 2115 4583 igitur.
2156 4491 2234 4562 τὸ
2277 4498 2519 4584 κυρίως
2555 4489 2804 4580 μεταξύ
