3109 5175
590 364 731 441 192
943 309 948 312 ’
1413 363 1593 437 Γ4.
1678 362 1951 437 1007a.

585 547 643 609 εὶ
685 536 854 610 κατὰ
892 536 1143 618 παντὸς
1182 535 1549 628 ἀνθρώπου
1583 540 1772 625 ζῷον,
1816 544 1873 607 εὶ
1915 537 2171 621 ἀληθὲς
2212 535 2394 608 τόνδ’
2434 544 2636 610 εἰπεῖν
2672 537 2794 609 ἄν·

584 649 884 733 θρωπον,
928 642 1184 724 ἀληθὲς
1225 647 1339 712 καὶ
1380 645 1568 729 ζῷον.

718 751 922 815 100(ἰό
945 751 1032 815 34
1079 745 1116 813 ὁ
1162 746 1222 813 δ’
1263 742 1512 826 αὐτὸς
1551 785 1632 800 -
1675 750 1883 814 1007a
1905 750 1992 814 20
2030 749 2523 832 διαλέγεται.
2591 748 2794 835 Quod

583 856 909 940 hucusque
944 852 1401 919 demonstravit
1434 873 1695 918 exorsus
1726 875 1762 917 a
1793 856 2062 920 notione
2092 853 2383 931 hominis,
2422 852 2591 919 idem
2623 876 2797 921 nunc

586 958 964 1045 comprobat
1007 958 1332 1044 profectus
1379 980 1414 1022 a
1459 959 1728 1024 notione
1781 958 2080 1045 negativa
2134 956 2548 1037 non-homo;
2610 980 2795 1045 quam

586 1066 1195 1152 argumentationem
1243 1084 1357 1127 cur
1401 1060 1747 1149 distinguat
1790 1084 1826 1126 a
1872 1063 2205 1148 superiore
2243 1083 2378 1126 non
2413 1061 2640 1139 video;
2686 1085 2796 1129 ne-

587 1190 711 1253 que
744 1171 908 1233 enim
939 1170 1077 1254 ipsa
1111 1188 1180 1230 re
1214 1165 1464 1231 diversa
1494 1175 1593 1230 est
1624 1165 1704 1230 ab
1750 1164 1879 1245 illa,
1924 1168 2222 1251 quoniam
2268 1164 2491 1231 eadem
2538 1177 2636 1232 est
2681 1188 2799 1255 op·-

584 1275 826 1359 positio
871 1274 1006 1336 sive
1052 1269 1131 1335 ab
1178 1270 1307 1334 hoc
1348 1273 1484 1335 sive
1525 1268 1607 1334 ab
1642 1268 1758 1336 illo
1790 1271 2040 1336 initium
2072 1270 2314 1350 feceris,
2360 1292 2571 1357 neque
2604 1274 2796 1336 ratio-

587 1375 777 1441 nibus
821 1378 1017 1441 utitur
1062 1373 1200 1438 aliis
1245 1384 1436 1460 atque
1481 1382 1686 1439 antea.
1770 1375 2012 1439 Nititur
2056 1377 2220 1442 enim
2266 1375 2425 1439 haec
2468 1378 2656 1450 etiam
2703 1397 2798 1442 ar-

587 1482 980 1567 gumentatio
1037 1481 1105 1543 in
1168 1500 1277 1558 eo,
1334 1476 1507 1564 quod
1566 1500 1683 1563 per
1739 1480 2081 1561 σημαίνειν
2138 1483 2207 1544 ἕν
2265 1477 2613 1544 denotatur
2659 1481 2798 1566 ipsa

586 1585 794 1662 notio,
837 1604 973 1648 non
1016 1582 1370 1648 accidentia
1414 1585 1688 1647 notioni.
1779 1583 2003 1668 Atque¹
2034 1582 2205 1647 hunc
2247 1583 2383 1649 fere
2425 1586 2495 1648 in
2537 1582 2797 1650 modum

585 1685 696 1751 Ar.
743 1696 1233 1774 argumentatur.
1324 1686 1557 1751 Album
1617 1685 1936 1752 diversum
1984 1696 2081 1752 est
2126 1686 2205 1752 ab
2254 1688 2540 1766 homine,
2596 1690 2797 1775 magis

591 1791 777 1854 etiam
823 1788 1140 1856 diversum
1190 1800 1286 1856 est
1329 1791 1712 1856 non-homo
1761 1789 1838 1855 ab
1887 1791 2161 1870 homine,
2207 1793 2503 1877 quoniam
2541 1801 2801 1877 praeter

588 1892 1020 1959 diversitatem
1079 1897 1264 1960 etiam
1324 1899 1803 1983 oppositionem
1859 1897 1922 1959 in
1983 1917 2054 1959 se
2113 1899 2430 1971 continet3
2484 1917 2687 1980 quare
2742 1898 2799 1964 si

587 1996 702 2062 iua
742 2019 878 2063 non
922 2019 1063 2064 esse
1106 1998 1276 2063 idem
1324 1999 1713 2077 conceditur,
1757 2001 1957 2088 magis
2001 1999 2171 2065 idem
2216 1999 2299 2068 de
2344 1999 2441 2064 his
2485 2002 2609 2064 erit
2645 2021 2799 2066 con-

590 2101 962 2168 cedendum.
1028 2102 1144 2168 Sin
1187 2102 1316 2182 illa,
1360 2099 1588 2170 λευκὸν
1633 2103 1779 2169 dico
1827 2113 1893 2167 et
1938 2096 2319 2190 ἄνθρωπος,
2366 2123 2556 2168 unum
2600 2103 2799 2168 idem-

590 2227 714 2291 que
760 2227 899 2271 esse
944 2209 1084 2291 quis
1125 2207 1370 2287 dixerit,
1414 2210 1715 2293 quoniam
1757 2206 1839 2272 de
1875 2206 2102 2272 eodem
2140 2205 2601 2294 praedicantur,
2644 2206 2797 2273 inde

590 2312 1001 2397 consequitur
1045 2310 1316 2388 (ἔσται
1353 2313 1460 2390 αδ,
1507 2310 1684 2397 quod
1724 2332 1799 2375 ex
1830 2309 2195 2376 Alexandro
2238 2314 2467 2397 repetii
2501 2333 2623 2397 pro
2660 2309 2798 2378 vul-

588 2424 742 2502 gato
787 2415 953 2491 ἕστι,
999 2414 1077 2478 cf.
1121 2412 1205 2478 ad
1252 2416 1454 2480 1006&
1498 2417 1612 2494 17,
1670 2424 1959 2502 tempore
2003 2415 2219 2481 futuro
2264 2415 2492 2480 factam
2541 2437 2617 2480 ex
2662 2417 2802 2501 opis-

589 2520 787 2583 nione
827 2517 1334 2583 adversariorum
1376 2521 1892 2605 consequentiam
1935 2517 2215 2599 denotat,
2259 2519 2337 2583 cf.
2368 2518 2528 2585 Obs.
2558 2542 2621 2606 p.
2653 2521 2799 2602 63),

589 2644 718 2709 quo
765 2633 952 2688 antea
996 2626 1118 2689 iam
1163 2620 1514 2689 deduxerat
1557 2622 1989 2703 adversarios,
2052 2626 2252 2690 100611
2292 2626 2403 2703 17,
2460 2633 2535 2689 ut
2584 2627 2798 2691 omnia

588 2728 718 2790 sint
759 2726 956 2804 idem,
1000 2747 1123 2791 nec
1167 2725 1403 2805 solum,
1447 2726 1517 2791 id
1562 2726 1736 2813 quod
1781 2726 2011 2793 volunt
2054 2729 2354 2814 principii
2395 2728 2800 2808 infitiatores,

587 2840 661 2895 ut
703 2834 1001 2916 opposita
1045 2833 1177 2896 sint
1217 2829 1403 2895 idem.
1478 2831 1606 2895 Iam
1654 2830 1925 2897 concedi
1968 2841 2198 2917 potest,
2245 2833 2299 2894 si
2345 2834 2487 2917 quis
2530 2834 2804 2899 interro-

587 2942 791 3022 getur,
837 2946 1044 3002 utrum
1089 2933 1250 3000 illud
1297 2938 1381 3000 sit
1416 2935 1628 3014 homo,
1673 2958 1825 3001 vere
1856 2933 2331 3021 quodammodo
2367 2957 2509 3000 eum
2538 2956 2802 3025 respon-

590 3036 747 3103 dere
781 3060 996 3124 posse,
1024 3060 1165 3104 esse
1195 3036 1354 3103 illud
1387 3048 1450 3103 et
1477 3039 1795 3103 hominem
1828 3049 1893 3103 et
1921 3059 2093 3103 non·
2105 3039 2424 3107 hominem
2463 3044 2605 3123 <est
2634 3045 2799 3106 enim

587 3163 650 3207 v.
695 3162 757 3228 g.
803 3140 1014 3222 albuS,
1072 3144 1345 3207 musicus
1390 3152 1541 3222 cet„
1600 3163 1765 3227 quae
1822 3145 2034 3207 omnia
2091 3145 2159 3208 in
2216 3142 2459 3210 ambitu
2512 3146 2799 3211 notionis

589 3244 972 3311 non-homo
1019 3249 1499 3327 continentur),
1559 3257 1624 3310 at
1666 3249 1720 3310 is
1764 3249 1834 3311 in
1879 3268 1959 3312 eo
2004 3244 2109 3311 vel
2160 3246 2401 3312 fallitur
2454 3246 2562 3312 vel
2620 3248 2800 3328 fallit,

590 3348 770 3434 quod
828 3351 1256 3437 interrogatus
1310 3348 1707 3437 simpliciter,
1765 3350 1916 3437 quid
1962 3354 2069 3416 sit
2110 3348 2300 3430 illud,
2359 3354 2667 3417 immiscet
2702 3374 2801 3419 re·

590 3455 928 3540 sponsioni
956 3453 1112 3539 quid
1138 3453 1230 3519 illi
1263 3457 1429 3519 acci
1446 3454 1486 3520 d
1502 3464 1606 3531 at;
1635 3453 2085 3544 distinguenda
2111 3466 2316 3520 autem
2341 3465 2488 3521 sunt
2512 3455 2802 3521 acciden-

591 3559 676 3622 tia
722 3557 803 3622 ab
850 3561 986 3645 ipsa
1031 3560 1127 3623 rei
1156 3568 1381 3624 natura
1412 3570 1478 3623 et
1506 3562 1778 3624 notione
1813 3582 1889 3624 ac
1914 3563 2037 3624 iam
2067 3569 2412 3646 propterea
2441 3580 2577 3627 non
2605 3562 2802 3625 immi-

595 3661 833 3727 scenda
888 3665 1325 3749 responsioni,
1386 3667 1681 3749 quoniam
1737 3662 1843 3727 vel
1901 3666 2111 3729 omnia
2169 3674 2317 3730 sunt
2373 3662 2799 3729 enumeranda

589 3765 696 3830 vel
741 3788 1005 3851 prorsus
1052 3766 1428 3844 omittenda;
1491 3770 1846 3832 enumerari
1890 3776 2098 3832 autem
2143 3769 2386 3844 omnia,
2437 3776 2665 3854 utpote
2709 3770 2803 3835 in·

591 3867 874 3950 definita,
920 3891 1053 3936 non
1097 3882 1386 3957 possunt.
1454 3874 1631 3953 (als
1678 3876 1733 3936 εὶ
1774 3866 1867 3954 μὴ
1910 3873 2021 3936 καὶ
2068 3861 2280 3936 τᾶλλα
2322 3908 2410 3921 ·-
2454 3890 2801 3957 προσαπο-

590 3975 862 4058 κριτέον.
932 3974 1325 4041 Coniectura
1356 3973 1746 4053 Casauboni,
1793 3978 1849 4038 εὶ
1893 3974 1961 4039 δὲ
2002 3969 2115 4059 μή,
2157 3977 2273 4040 καί
2309 3973 2642 4043 scribentis
2676 3994 2798 4060 pro

592 4081 648 4140 εὶ
691 4069 784 4159 μὴ
827 4078 957 4156 καί,
1005 4089 1103 4143 est
1145 4102 1298 4144 sane
1345 4101 1457 4143 cur
1498 4077 1775 4165 placeat3
1823 4076 2078 4164 vulgata
2127 4082 2291 4143 enim
2338 4078 2535 4144 verba
2576 4098 2798 4165 parum

592 4179 891 4247 videntur
933 4191 1107 4267 apta,
1159 4182 1467 4267 siquidem
1512 4202 1649 4247 non
1696 4189 1832 4245 erat
1876 4179 2244 4247 dicendum:
2298 4185 2423 4247 nisi
2465 4192 2799 4269 praeterea

593 4285 1248 4370 respondendum
1297 4295 1442 4361 est,
1488 4284 1605 4350 sed
1645 4288 1887 4371 potius:
1934 4288 2059 4349 nisi
2096 4299 2425 4372 praeterea
2466 4307 2802 4373 respon-

593 4384 785 4452 dere
829 4388 1212 4455 voluerit.
1287 4390 1512 4454 Potest
1555 4398 1765 4455 tamen
1811 4393 2124 4475 acquiesci
2166 4393 2237 4454 in
2280 4390 2455 4479 vulg.
2499 4390 2799 4470 lectione,

593 4494 647 4555 si
692 4513 830 4559 eam
874 4497 965 4558 sic
1008 4498 1520 4581 interpretemur:
1567 4496 1688 4558 nisi
1732 4493 1901 4558 forte
1944 4492 2269 4559 voluerint
2306 4493 2651 4563 adversarii
2689 4493 2802 4575 illi,

592 4597 1042 4683 respondenda
1088 4620 1228 4664 esse
1273 4608 1603 4684 praeterea
1650 4600 1862 4662 omnia
1909 4596 2323 4681 accidentia.)

2824 4162 2851 4197 ἡ
