3109 5175
1208 407 1292 476 H
1331 405 1400 477 6.
1480 402 1748 477 104511.
2435 404 2579 480 377

375 590 574 646 tratur
617 589 769 666 post
811 575 1025 646 ποσόν
1063 582 1179 657 ὂ2ς
1224 582 1512 646 nimirum
1562 579 1727 645 idem
1776 584 2289 647 enunciationum
2334 585 2580 648 initium

377 682 561 749 facile
606 686 819 771 potuit
863 682 1157 749 librarios
1202 688 1595 755 inei-rorem
1649 685 1971 751 inducere.
2062 686 2193 751 Sed
2238 686 2390 751 licet
2431 708 2582 774 pro-

372 785 606 851 babilis
645 791 728 853 sit
766 788 925 852 haec
964 792 1373 875 transposito,
1418 811 1566 854 num
1607 794 1959 854 necessaria
1997 794 2078 854 sit
2112 789 2364 866 dubit03
2411 790 2582 856 haud

376 894 510 955 scio
559 914 640 955 an
688 892 794 956 Ar.
842 890 1001 956 illud
1049 888 1152 956 διό
1195 894 1278 956 ῠ2
1322 894 1614 959 retulerit
1662 893 1743 958 ad
1791 905 1947 980 part.
1995 890 2198 970 εὐθύς
2238 896 2401 974 036,
2459 916 2580 981 qua

379 982 703 1075 continuo,
747 995 921 1060 nulla
967 1008 1295 1082 praeterea
1342 997 1776 1063 intercedente
1822 1020 2026 1076 causa,
2070 996 2196 1062 illis
2242 1002 2581 1086 categoriis

376 1103 680 1164 unitatem
727 1111 791 1164 et
827 1103 1250 1165 exsistentiam
1288 1102 1690 1167 tribuendam
1733 1101 2082 1167 contendit.
2119 1138 2199 1149 —-
2237 1104 2367 1167 1210
2411 1106 2475 1167 οἱ
2513 1103 2582 1167 δὲ

377 1204 738 1269 συνουσίαν
777 1206 1011 1288 ψυχῆς.
1099 1206 1263 1270 Voc.
1309 1210 1525 1294 ψυχῆς
1570 1227 1938 1292 quamquam
1986 1216 2049 1270 et
2094 1204 2278 1270 codd.
2327 1215 2587 1271 tuentur

379 1326 599 1370 omnes
646 1316 712 1370 et
757 1307 932 1372 Alex.
980 1307 1229 1388 habuit,
1285 1319 1493 1374 tamen
1541 1331 1677 1374 non
1722 1318 1941 1396 potest
1981 1331 2103 1395 pro
2148 1312 2433 1397 genuino
2477 1311 2583 1374 ha-

375 1407 533 1476 beri.
622 1411 894 1476 Primum
942 1414 1106 1476 enim
1153 1416 1448 1478 universe
1492 1417 1807 1479 συνουσία
1853 1412 2117 1499 perinde
2164 1423 2351 1499 atque
2397 1424 2585 1479 antea

372 1511 645 1595 μέθεξις
687 1525 1000 1602 tamquam
1047 1538 1234 1581 cansa
1280 1519 1535 1582 unitatis
1575 1515 1961 1581 nominanda
2004 1527 2167 1594 erat3
2212 1528 2438 1603 postea
2478 1516 2585 1582 de-

376 1638 542 1682 mum
591 1641 778 1704 quum
826 1619 1234 1684 adhiberetur
1278 1618 1356 1684 ad
1405 1619 1755 1706 exemplum
1803 1624 2136 1701 scientiae,
2189 1632 2400 1707 aptum
2451 1632 2589 1687 erat

377 1719 562 1785 adiici
617 1724 852 1808 ψυχῆς.
954 1724 1046 1787 Ex
1103 1724 1231 1788 hoc
1290 1724 1577 1810 exemplo
1638 1727 1706 1788 in
1764 1727 2097 1810 superiora
2151 1724 2350 1790 verba
2405 1724 2585 1790 vide-

377 1834 483 1889 tur
523 1847 855 1912 perperam
887 1827 1129 1893 illatum
1160 1849 1318 1892 esse.
1355 1866 1433 1889 «-
1476 1831 1613 1893 ῠΙθ
1652 1823 2140 1916 Λυκόφρων,
2185 1851 2372 1915 quem
2404 1827 2582 1893 Alex.

376 1951 440 2014 p.
478 1930 626 2007 533,
673 1932 758 1996 19
801 1933 1148 2018 sophistam
1193 1931 1503 2019 appellat,
1562 1932 1729 1997 idem
1784 1932 2037 1996 videtur
2082 1953 2220 1996 esse
2265 1936 2372 2017 qui
2415 1954 2585 1996 com·

376 2044 765 2099 memoratur
794 2036 991 2122 Soph.
1028 2035 1107 2101 el.
1142 2038 1246 2100 15.
1281 2037 1439 2101 174⁶
1462 2038 1571 2102 32.
1616 2036 1810 2122 Phys.
1839 2036 1870 2098 1
1903 2037 1959 2099 1.
1994 2036 2151 2100 185⁶
2174 2035 2280 2100 28.
2329 2034 2467 2100 Pol.
2493 2036 2586 2100 111

379 2138 441 2202 9.
481 2137 683 2203 1280b
710 2141 820 2204 10:
856 2135 1242 2227 Λυκόφρων
1278 2136 1314 2205 ὁ
1353 2135 1696 2230 σοφιστής.
1724 2176 1804 2193 --
1832 2140 1959 2202 bll
1993 2134 2311 2204 σύνθεσιν
2339 2174 2425 2187 -
2454 2153 2585 2227 ψυ-

372 2243 500 2325 χῆς
558 2238 811 2325 σώματι
865 2237 943 2309 τὸ
995 2242 1137 2323 ζῆν,
1197 2243 1276 2308 cf.
1338 2243 1602 2309 eandem
1649 2243 2089 2309 definitionem
2136 2245 2302 2328 Top.
2344 2242 2442 2306 Vl
2480 2242 2584 2305 14.

383 2346 550 2410 1510
589 2346 696 2410 21.
746 2383 828 2397 —
875 2350 1005 2412 1114
1062 2349 1175 2412 καὶ
1230 2342 1306 2412 τὸ
1364 2345 1483 2414 τὸν
1530 2340 1783 2434 χαλκὸν
1838 2344 2007 2415 εἶναι
2060 2348 2381 2431 τρίγωνον
2429 2346 2584 2425 (int.

380 2449 604 2530 ἔσται)
662 2446 978 2527 σύνθεσις
1015 2453 1268 2535 χαλκοῦ
1307 2455 1422 2519 καὶ
1468 2448 1811 2539 τριγώνου,
1868 2451 1982 2515 καὶ
2024 2443 2101 2514 τὸ
2145 2442 2377 2514 λευκὸν
2419 2445 2589 2513 εἶναι

381 2546 696 2629 σύνθεσις
741 2556 1130 2644 ἐπιφανείας
1170 2558 1285 2623 καὶ
1327 2553 1729 2637 λευκότητος.
1815 2553 1918 2618 Ad
1966 2554 2398 2640 praedicatum
2443 2555 2588 2619 λευ·

379 2650 499 2723 κᾶν
543 2655 711 2722 εἶναι
753 2679 886 2724 non
932 2672 1186 2747 poterat
1233 2663 1434 2727 omitti
1479 2661 1850 2737 subiectum,
1895 2657 2010 2723 sed
2056 2663 2146 2724 uti
2189 2668 2375 2724 antea
2411 2656 2589 2722 addi·

379 2769 510 2825 tum
557 2771 683 2826 est:
729 2755 804 2827 τὸ
844 2761 1154 2848 χαλκὸν
1198 2761 1365 2832 εἶναι
1408 2767 1760 2850 τρίγωνον,
1816 2766 1902 2830 ita
1947 2763 2049 2827 hic
2090 2764 2389 2850 profecto
2435 2766 2589 2827 scri·

381 2876 561 2951 ptum
604 2867 750 2931 fuit:
806 2863 883 2933 τὸ
942 2864 1434 2964 ἐπιφάνειαν
1490 2860 1722 2931 λευκὸν
1766 2861 1931 2932 εἶναι
1972 2866 2107 2931 vel:
2164 2860 2241 2931 τὸ
2287 2862 2589 2955 ἐπιφά-

379 2990 610 3033 νειαν
664 2967 898 3050 λευκὴν
953 2968 1138 3037 εἶναι.
1246 2971 1636 3037 Confirmari
1702 2970 1863 3034 haec
1918 2970 2283 3035 emendatio
2335 2969 2591 3035 videtur

383 3071 531 3138 coll.
576 3072 749 3138 Alex.
796 3097 857 3160 p.
891 3078 1040 3154 533,
1074 3077 1180 3141 24.
1216 3113 1298 3129 -
1337 3077 1466 3139 ⁶19
1511 3083 1661 3138 ante
1707 3069 1978 3157 δυνάμει
2023 3095 2216 3163 aegre
2263 3073 2591 3139 desideres

383 3197 483 3240 vv.
517 3169 599 3240 τὸ
634 3180 772 3260 μέν,
812 3180 1038 3264 quibus
1078 3180 1312 3248 deinde
1354 3188 1794 3265 opponantur:
1838 3170 1915 3243 τὸ
1953 3178 2021 3244 δὲ
2059 3179 2367 3262 ἐνεργείᾳ.
2434 3178 2590 3241 Pro-

381 3289 601 3367 pterea
659 3283 726 3345 in
773 3282 933 3348 Obs.
982 3308 1041 3370 p.
1081 3285 1211 3349 122
1255 3286 1501 3348 conieci
1547 3280 1950 3346 scribendum
2001 3304 2171 3347 esset
2222 3277 2455 3360 ταύτό,
2511 3275 2589 3345 τὸ

381 3386 502 3469 μὲν
541 3381 827 3469 δυνάμει,
866 3382 943 3451 τὸ
983 3388 1052 3452 δὲ
1092 3390 1401 3475 ἐνεργείᾳ.
1476 3387 1823 3471 Repntanti
1862 3396 2067 3450 autem
2103 3410 2164 3451 v.
2198 3386 2237 3450 l.
2278 3407 2313 3450 e
2351 3384 2493 3452 cod.
2525 3384 2595 3448 E

385 3499 705 3553 enotatam
750 3489 1147 3575 probabilius
1192 3489 1444 3555 videtur
1489 3494 1791 3576 scriptum
1832 3487 2054 3553 fuisse:
2100 3484 2302 3553 ταύτὸ
2348 3492 2462 3554 καὶ
2505 3494 2592 3565 ἔν,

382 3586 461 3657 τὸ
520 3595 640 3676 μὲν
697 3589 994 3677 δυνάμει,
1053 3589 1132 3658 τὸ
1177 3594 1246 3660 δὲ
1291 3596 1601 3681 ἐνεργείᾳ.
1653 3631 1732 3646 --
1774 3593 1906 3657 1³23
1950 3587 2110 3677 ὅπερ
2155 3598 2224 3658 ἕν
2266 3615 2361 3670 τι,
2417 3590 2593 3677 qnod

384 3718 503 3784 pro
544 3696 719 3784 vulg.
756 3692 916 3782 ὅπερ
956 3692 1119 3763 ὄντα
1157 3720 1222 3762 τι
1257 3719 1294 3762 e
1335 3697 1477 3763 cod.
1507 3696 1597 3760 Ab
1639 3699 1703 3760 in
1744 3705 1979 3761 textum
2017 3699 2234 3782 recepi
2275 3696 2399 3778 (cf.
2428 3694 2591 3761 Oba.

384 3825 450 3889 p.
480 3803 650 3883 122)
695 3800 1108 3866 confirmatur
1151 3799 1496 3866 Alexandri
1543 3803 1917 3865 auctoritate
1961 3825 2026 3888 p.
2056 3802 2205 3879 534,
2251 3804 2322 3875 63
2381 3821 2596 3886 quam·

389 3925 580 3992 qnam
639 3902 809 3969 haud
864 3908 997 3969 scio
1059 3926 1141 3970 an
1191 3926 1266 3970 ex
1313 3905 1432 3969 hac
1475 3908 1614 3991 ipsa
1658 3903 2000 3972 Alexandri
2043 3905 2595 3991 interpretatione:

388 4005 610 4075 πάντα
657 4005 880 4083 ἁπλῶς
922 4011 1035 4074 καὶ
1073 4011 1307 4093 κυρίως
1350 4003 1511 4095 ὅπερ
1557 4013 1631 4072 ἓν
1669 4010 1736 4072 τί
1780 4013 1903 4073 εἱσι
1945 4010 2057 4074 καὶ
2101 4003 2263 4095 ὅπερ
2313 4003 2421 4087 ὅν,
2466 4008 2597 4074 col-

387 4111 534 4178 latis
565 4112 1005 4199 superioribus
1036 4112 1221 4177 huius
1253 4115 1474 4199 capitis
1496 4111 1713 4177 verbis
1737 4115 1838 4190 bl,
1860 4114 1921 4191 3,
1950 4113 2203 4200 plenius
2226 4114 2424 4179 fnisse
2449 4117 2599 4178 scri-

317 4263 328 4274 .
389 4226 569 4304 ptum
608 4215 1031 4304 intelligatur:
1086 4213 1308 4282 πάντα
1352 4214 1576 4293 ἁπλῶς
1614 4213 1772 4303 ὅπερ
1814 4220 1882 4282 ἔν
1919 4240 1999 4296 τι,
2035 4213 2249 4303 ὥσπερ
2284 4219 2396 4282 καὶ
2434 4212 2596 4302 ὅπερ

391 4314 471 4385 ὄν
515 4343 606 4399 τι,
652 4343 836 4407 quam
881 4324 935 4385 si
978 4331 1270 4408 putamus
1311 4320 1658 4409 genuinam
1704 4320 1899 4387 fuisse
1941 4325 2340 4408 scripturam,
2384 4340 2599 4384 corrn-

389 4423 581 4511 ptela,
600 4445 760 4512 qnae
789 4424 976 4491 codd.
998 4445 1202 4512 prope
1230 4445 1449 4489 omnes
1477 4427 1725 4503 invasit,
1750 4424 1998 4490 facilius
2025 4424 2321 4511 explicari
2344 4431 2577 4509 potest.
