3109 5175
1145 352 1226 421 H
1266 348 1334 422 3.
1418 346 1686 422 10431).
2379 349 2526 423 369

306 526 670 593 finitionem
709 528 874 591 enim
911 524 1054 591 fieri
1089 546 1209 611 per
1243 524 1604 615 longiorem
1648 526 1987 593 verborum
2034 525 2334 593 ambitum
2380 523 2532 610 (λό-

305 652 428 715 γον
473 626 644 696 εἶναι
686 624 961 715 μακρόν,
1008 629 1087 694 cf.
1119 633 1198 694 N
1218 632 1280 695 3.
1327 633 1538 699 10910
1568 633 1667 710 7),
1713 642 1780 696 at
1822 631 1922 696 rei
1958 641 2247 697 naturam
2294 629 2531 717 simpli·

308 755 445 800 eem
488 736 778 799 nimirum
827 753 968 797 esse
1017 742 1083 799 et
1125 754 1333 799 unam.
1411 733 1714 801 Conferri
1763 737 1939 800 iuvat
1980 757 2143 821 quae
2186 735 2267 800 de
2301 734 2529 802 eodem

308 838 688 903 Antisthene
720 837 828 901 Ar.
862 836 1060 903 refert
1089 839 1145 903 A
1171 839 1276 904 29.
1311 840 1514 904 1024b
1539 840 1655 905 32:
1699 839 1924 922 μηθὲν
1967 836 2168 918 ἀξιῶν
2206 840 2530 922 λέγεσθαι

306 934 481 1020 πλὴν
526 943 619 1025 τῷ
664 943 878 1025 οἰκείῳ
919 936 1095 1024 λόγῳ
1139 943 1207 1007 ἓν
1251 946 1338 1030 ἐφ
1383 937 1556 1018 ἐνόςε
1603 945 1832 1008 etenim
1879 945 1932 1006 si
1979 963 2112 1007 non
2158 942 2308 1009 licet
2347 943 2527 1029 quid-

309 1067 494 1130 quam
541 1043 904 1133 significare
947 1048 1067 1109 nisi
1117 1067 1230 1109 sua
1273 1047 1475 1132 ipsius
1521 1048 1792 1111 notione
1839 1068 2045 1132 eaque
2090 1068 2216 1112 una
2263 1058 2327 1112 et
2364 1046 2527 1113 indi·

307 1148 529 1227 vidua,
589 1148 914 1214 definitio·
943 1147 1159 1234 plures
1217 1152 1285 1215 in
1343 1170 1412 1213 se
1470 1149 1797 1235 complexa
1854 1160 2043 1216 notas
2101 1149 2344 1218 admitti
2389 1172 2523 1217 non

306 1261 542 1340 potest.
593 1291 673 1304 —
735 1252 924 1338 Quae
982 1251 1220 1317 deinde
1265 1276 1338 1319 ex
1383 1252 1512 1318 hoc
1555 1252 1793 1340 placito
1843 1253 2089 1343 colligit
2132 1256 2323 1321 Arist.
2366 1257 2520 1323 1128:

308 1351 463 1423 ὥστ’
504 1353 736 1434 οὐσίας
777 1358 931 1433 mk„
975 1369 1249 1443 possunt
1291 1356 1400 1423 illa
1448 1356 1699 1443 quidem
1737 1356 1945 1423 videri
1984 1360 2182 1444 ipsius
2215 1362 2526 1425 Aristote-

304 1458 388 1525 lis
424 1463 756 1526 continere
791 1462 1106 1527 rationem
1144 1483 1219 1527 ac
1252 1460 1648 1541 sententiam,
1694 1463 2052 1528 conferenti
2082 1464 2146 1527 Z
2173 1466 2274 1529 13.
2313 1464 2523 1529 1039a

308 1564 395 1628 14
439 1586 592 1651 sqq„
638 1564 850 1631 sed.si
896 1569 1398 1651 reputaverimus
1445 1565 1615 1652 apud
1661 1566 1994 1631 Platonem
2043 1567 2308 1632 Theaet.
2341 1569 2523 1633 201e

308 1666 574 1734 eandem
634 1672 1008 1755 opinionem
1075 1673 1382 1758 coniungi
1438 1674 1833 1757 apertissime
1891 1694 2029 1736 eum
2091 1672 2336 1758 placitis
2396 1674 2522 1737 An-

305 1773 615 1852 tistheni8‚
666 1774 850 1838 huius
895 1778 1110 1859 potius
1155 1774 1523 1861 philosophi
1571 1797 1757 1861 quam
1800 1796 1977 1840 suam
2021 1778 2220 1861 ipsius
2267 1776 2522 1841 conclu-

304 1881 550 1942 sionem
601 1876 1007 1944 Aristotelem
1060 1896 1428 1964 proponere
1472 1877 1909 1944 iudicabimus.
2000 1878 2102 1944 Cf.
2150 1879 2363 1943 Zeller
2407 1876 2519 1944 Ph.

306 1980 367 2047 d.
409 1982 524 2047 Gr.
569 1982 647 2046 11.
693 2005 758 2068 p.
792 1984 920 2047 115
958 2004 1051 2068 sq.
1139 1985 1305 2063 (b29
1353 1978 1516 2060 οἷον,
1562 1982 1640 2046 cf.
1689 1981 1769 2046 ad
1800 1983 1873 2046 A
1907 1983 1967 2046 4.
2007 1982 2168 2047 985b
2190 1984 2254 2047 6.
2289 2020 2370 2033 -
2417 1983 2522 2048 De

305 2082 500 2168 οὐσίᾳ
543 2086 847 2167 συνθέτφ
890 2088 1092 2176 vom-ff
1137 2110 1194 2150 v.
1245 2088 1308 2149 Z
1346 2088 1449 2150 11.
1498 2087 1702 2151 1036b
1740 2087 1887 2166 35.)
1936 2118 2031 2136 -ο
2065 2084 2263 2170 Quod
2313 2097 2520 2151 autem

304 2187 384 2254 ab
426 2190 612 2254 initio
646 2190 830 2254 huius
871 2189 1322 2276 disputationis
1360 2189 1631 2278 legimus
1666 2191 1825 2255 ⁶23:
1864 2184 2028 2254 ὥστε
2072 2187 2112 2269 ἡ
2153 2186 2404 2276 ἀπορία
2434 2226 2519 2239 --

305 2294 341 2358 l!
343 2315 472 2377 χει
515 2287 702 2358 τινὰ
743 2288 1066 2379 καιρόν,
1112 2294 1474 2359 Alexander
1509 2293 1764 2381 quidem
1803 2296 2256 2380 interpretatur
2284 2317 2345 2381 p.
2374 2296 2521 2373 523,

307 2397 420 2461 1οε
467 2396 566 2460 δεῖ
607 2393 1133 2482 προσυπακούειν
1176 2396 1244 2477 ἐξ
1288 2388 1379 2463 ὦν
1425 2395 1691 2483 εἴπομεν
1732 2398 2031 2478 λυθῆναι
2074 2397 2292 2484 (quod
2331 2402 2523 2464 inter,-

304 2509 770 2587 pretamentum
815 2503 1147 2588 irrepsisse
1193 2501 1444 2567 videtur
1487 2505 1553 2566 in
1603 2500 1748 2566 edd.
1782 2501 1925 2568 Ald.
1961 2499 2143 2589 Sylb.
2186 2513 2252 2565 et
2279 2504 2520 2583 Besa),

306 2602 420 2668 sed
483 2605 798 2670 eiusmodi
856 2605 1350 2674 additamentum
1410 2626 1619 2693 neque
1680 2628 1754 2672 ex
1810 2609 1966 2692 ipsis
2012 2603 2221 2670 verbis
2266 2605 2522 2671 videtur

306 2712 513 2795 repeti
558 2730 751 2795 posse
797 2731 1006 2797 neque
1051 2711 1134 2775 ad
1179 2734 1311 2775 rem
1357 2714 1505 2775 satis
1552 2721 1767 2796 aptum
1819 2732 1975 2775 esse.
2056 2711 2365 2774 Nimirum
2414 2709 2521 2775 de-

304 2821 718 2877 monstratum
768 2825 867 2879 est
911 2825 1127 2895 antea,
1184 2814 1337 2879 licet
1391 2813 1703 2879 elementa
1762 2815 1856 2878 rei
1902 2810 1981 2876 ad
2031 2834 2165 2877 eam
2213 2813 2522 2878 definien-

305 2916 451 2982 dam
497 2916 946 2997 adhibeantur,
1001 2924 1215 2984 tamen
1258 2922 1393 2983 eius
1437 2927 1724 2982 naturam
1769 2937 1905 2980 non
1951 2920 2266 2981 contineri
2312 2918 2379 2980 in
2422 2916 2520 2980 his

307 3020 670 3098 elementis,
727 3021 841 3087 sed
890 3045 1029 3088 esse
1076 3022 1313 3108 aliquid
1359 3021 1438 3086 ab
1483 3023 1564 3085 iis
1611 3020 1946 3085 diversum.
2039 3020 2184 3084 Hoc
2225 3030 2521 3106 reputan-

303 3125 504 3205 tibus,
559 3126 816 3191 videtur
860 3126 1071 3191 dicere
1117 3124 1528 3202 Aristoteles,
1589 3124 1985 3189 Antisthenis
2040 3123 2340 3210 placitum
2386 3144 2520 3189 non

303 3249 572 3316 prorsus
617 3234 904 3316 ineptum
953 3252 1096 3296 esse
1139 3231 1255 3295 sed
1300 3228 1504 3293 videri
1549 3232 1859 3294 rationem
1907 3227 2219 3313 quandam
2268 3239 2334 3294 et
2375 3250 2521 3292 cau-

303 3353 440 3398 sam
484 3332 738 3398 hahere.
819 3333 1035 3399 Verba
1081 3336 1206 3417 ἔχει
1249 3327 1398 3397 τινὰ
1442 3329 1674 3418 καιρόν
1717 3333 1885 3398 idem
1932 3333 2069 3396 fere
2116 3331 2391 3397 arbitror
2439 3334 2520 3396 si-

303 3435 614 3524 gnificare
652 3447 850 3523 atque
892 3433 1167 3522 εὔλογόν
1211 3461 1274 3501 τι
1317 3438 1443 3522 ἔχει
1486 3434 1591 3501 vel
1635 3430 1840 3518 λόγον
1882 3433 2030 3500 τινὰ
2075 3436 2218 3521 ἔχει.

443 3632 527 3711 e)
564 3626 965 3695 Notionibus
1011 3653 1180 3718 quae
1221 3630 1583 3698 intercedat
1626 3652 1771 3694 cum
1815 3630 2104 3696 numme
2140 3625 2519 3703 similitudo,

311 3732 515 3799 10431>
552 3736 642 3800 32
662 3772 742 3788 -
768 3736 976 3800 104412
1015 3735 1119 3800 14.
2400 3742 2411 3750 “

438 3852 753 3918 Platonici
802 3877 990 3940 quum
1037 3853 1230 3933 ideas,
1276 3858 1314 3919 i.
1347 3878 1405 3919 e.
1450 3856 1751 3919 notiones
1789 3853 2279 3918 substantiarum
2319 3848 2523 3936 digni-

307 3963 440 4020 tate
486 3967 763 4038 ornatas‚
810 3958 890 4022 ad
938 3979 1236 4024 numeros
1280 3957 1654 4046 redegerint
1697 3957 1819 4036 (cf.
1866 3955 1946 4020 ad
1996 3957 2085 4020 M
2118 3957 2179 4033 6,
2226 3957 2335 4034 7),
2382 3951 2522 4015 Ari-

308 4058 574 4124 stoteles
620 4069 874 4127 secutus
921 4085 1026 4141 ea,
1084 4084 1245 4148 quae
1303 4060 1385 4126 de
1440 4060 1924 4126 definitionibus
1970 4057 2166 4123 modo
2213 4058 2521 4142 exposuit,

307 4162 463 4249 quid
508 4166 644 4229 veri
691 4169 842 4231 insit
885 4169 950 4230 in
999 4167 1119 4230 hac
1161 4169 1478 4231 sententia
1524 4164 1676 4251 quid
1728 4164 1870 4228 falsi
1917 4160 2237 4227 diiudicat.
2325 4160 2525 4223 Nimi-

307 4289 446 4332 rum
492 4266 839 4334 similitudo
887 4268 1142 4355 quidem
1190 4269 1498 4355 quaedam
1538 4266 1879 4334 intercedit
1914 4270 2078 4332 inter
2115 4263 2523 4329 definitiones

311 4381 382 4435 et
419 4393 753 4452 numeros),
810 4372 927 4437 sed
984 4395 1105 4438 nec
1163 4393 1238 4436 ea
1296 4395 1483 4458 quam
1527 4371 1846 4438 Platonici
1905 4392 2045 4435 esse
2090 4366 2346 4444 volunt,
2404 4386 2527 4429 nee

309 4476 626 4542 eiusmodi
671 4486 745 4542 ut
787 4486 1129 4563 propterea
1177 4475 1260 4540 ad
1303 4496 1604 4541 numeros
1658 4473 1865 4562 redigi
1912 4476 2214 4539 notiones
2258 4472 2523 4558 possint.

397 4581 603 4635 Aristot.
629 4583 849 4652 metaph.
876 4583 956 4634 ed.
981 4582 1166 4635 Bonita
1188 4582 1302 4634 Vol.
1327 4583 1390 4633 II.
2057 4579 2127 4632 24
