3109 5175
536 354 675 429 136
1379 353 1454 425 Β
1508 350 1573 424 l.
1647 348 1877 425 9950.

529 532 783 618 possint
826 527 908 593 de
954 549 1028 593 ea
1073 549 1145 593 re
1191 526 1486 606 dubitari,
1529 547 1733 614 eaque
1777 529 1846 592 in
1888 534 2218 612 utramque
2249 532 2494 612 partem
2526 521 2740 610 dispu-

532 644 730 709 tasse3
777 630 1184 697 difficultates
1230 633 1427 710 enim,
1472 652 1636 716 quae
1679 632 1805 717 ipsi
1848 632 2068 694 insunt
2111 631 2235 707 rei,
2279 630 2333 692 is
2381 626 2627 692 demum
2677 634 2742 690 et

535 735 833 823 expediet
875 745 1052 800 recte
1099 746 1164 800 ct
1208 756 1355 799 num
1404 732 1757 819 expedierit
1808 742 2189 819 cognoscet,
2246 735 2352 816 qui
2405 735 2576 817 ipsas
2636 749 2741 793 co-

531 842 835 927 gnoverit
868 836 1305 913 difficultates3
1352 847 1417 901 et
1459 839 1688 902 iustius
1731 834 2038 901 iudicabit
2082 837 2187 920 qui
2225 843 2539 920 tamquam
2579 832 2745 898 arbi·

531 951 630 1007 ter
677 964 903 1006 causae
950 945 1332 1006 constitutus
1375 951 1706 1024 utramque
1749 951 1989 1025 partem
2022 935 2339 1001 audiverit
2368 958 2618 1003 causam
2651 934 2745 999 di-

534 1055 782 1109 centem
829 1045 949 1126 (cf.
1000 1044 1081 1109 de
1128 1044 1315 1108 coelo
1361 1045 1392 1109 1
1438 1045 1541 1109 10.
1588 1043 1750 1107 2791»
1786 1044 1887 1119 7).
1979 1039 2263 1107 Eandem
2317 1036 2744 1126 investigandi

534 1152 698 1212 viam
744 1145 1225 1235 ingrediendam
1273 1146 1426 1212 dicit
1470 1157 1535 1211 et
1569 1149 1706 1231 ipse
1743 1143 2098 1233 ingreditur
2137 1142 2220 1208 de
2258 1164 2357 1207 an.
2397 1143 2428 1207 1
2464 1145 2527 1207 2.
2575 1142 2744 1207 403⁶

535 1252 642 1316 20.
698 1253 891 1338 Phys.
922 1250 1021 1315 IV
1059 1251 1160 1316 lo,
1209 1249 1357 1315 coll.
1404 1254 1464 1315 1.
1499 1252 1668 1315 29841
1693 1250 1800 1313 34.
1862 1246 2044 1313 Anal.
2081 1258 2248 1334 post.
2285 1246 2344 1310 11
2380 1248 2445 1311 3.
2487 1245 2610 1311 9οσ
2635 1245 2744 1310 37.

539 1354 615 1417 cf.
642 1354 872 1418 Waitz
904 1352 985 1418 ad
1016 1352 1075 1417 h.
1107 1350 1150 1416 l.
1217 1353 1321 1416 De
1366 1351 1637 1439 siugulis
1683 1361 1890 1417 autem
1937 1348 2247 1433 ἀπορίαις
2290 1352 2375 1414 ita
2413 1350 2482 1412 in
2515 1356 2747 1412 utram-

538 1477 661 1542 que
706 1466 948 1542 partem
997 1455 1295 1542 disputat,
1347 1458 1595 1521 ut'non
1641 1454 1721 1518 ab
1768 1457 1921 1541 ipsis
1967 1475 2176 1519 rerum
2221 1454 2548 1539 principiis
2591 1472 2746 1537 pro-

537 1559 871 1637 ficiscatur,
916 1557 1030 1624 sed
1074 1564 1145 1623 ἐκ
1187 1561 1318 1622 τῶν
1362 1553 1662 1636 ἐνδόξων,
1706 1560 1748 1621 1.
1782 1579 1836 1622 e.
1884 1557 1963 1647 ab
2010 1556 2425 1643 opinionibus
2468 1553 2747 1642 vulgatis

537 1667 800 1727 maxime
846 1673 911 1726 et
951 1661 1257 1748 probatis,
1303 1672 1492 1746 atque
1536 1659 1690 1726 iude
1737 1681 1998 1726 exorsus
2041 1681 2261 1724 verum
2304 1669 2510 1724 tentet
2545 1661 2748 1747 magis

539 1786 724 1850 quam
784 1760 1083 1831 ihveniat.
1174 1765 1304 1828 lam
1359 1785 1549 1849 quum
1607 1766 1735 1827 sint
1786 1785 1861 1828 ex
1903 1762 2271 1828 Aristotelis
2317 1762 2748 1849 descriptione

540 1868 932 1932 διαλεκτικοὶ
976 1862 1166 1951 λόγοι
1208 1871 1272 1931 οἱ
1315 1870 1386 1930 ἐκ
1427 1867 1561 1930 τῶν
1610 1861 1894 1946 ἐνδόξων
1938 1867 2417 1949 συλλογιστικοὶ
2462 1860 2749 1956 ἀντιφά-

541 1988 703 2047 σεως
747 1970 929 2056 soph.
978 1968 1057 2034 el.
1104 1972 1165 2035 2.
1219 1972 1373 2035 1656
1410 1971 1486 2048 3,
1544 1979 1609 2034 et
1654 1968 1984 2034 dialectica
2029 1992 2130 2036 ars
2173 1962 2556 2055 πειραστικὴ
2600 1969 2752 2052 περὶ

541 2063 634 2138 ὧν
678 2069 721 2151 ἡ
767 2075 978 2163 σοφία
1020 2067 1409 2159 γνωριστική
1453 2073 1521 2137 Γ
1554 2075 1620 2139 2.
1666 2075 1868 2140 100412
1900 2076 1987 2139 25
2033 2074 2154 2155 (cf.
2187 2073 2416 2137 Waitz
2458 2073 2625 2160 Org.
2668 2072 2749 2137 11.

541 2200 602 2262 p.
649 2178 847 2256 435),
905 2180 1205 2247 universo
1261 2177 1386 2243 hoc
1442 2175 1614 2241 libro
1672 2196 1806 2241 non
1852 2188 1975 2240 tam
2022 2178 2221 2261 ipsius
2264 2178 2566 2240 scientiae
2609 2197 2751 2262 par-

541 2289 698 2357 tem,
755 2300 941 2364 quam
988 2278 1375 2345 dialecticam
1423 2282 1557 2344 eius
1602 2282 2154 2366 praeparationem
2200 2281 2515 2344 contineri
2560 2299 2752 2365 appa-

541 2393 666 2460 ret,
725 2400 885 2467 quae
945 2380 1274 2446 dialectica
1335 2404 1435 2446 ars
1495 2392 1794 2467 quantum
1853 2381 2064 2447 valeat
2107 2382 2189 2447 ad
2235 2381 2748 2470 cognoscendam

542 2489 874 2549 veritatem
921 2485 1303 2553 Aristoteles
1350 2488 1612 2572 exponit
1649 2488 1816 2572 Top.
1854 2486 1882 2549 1
1926 2487 1988 2551 2.
2040 2487 2330 2564 101a34,
2375 2485 2454 2549 cf.
2486 2485 2751 2572 Heyder

542 2588 690 2654 krit.
735 2590 946 2655 Darst.
991 2592 1021 2654 1
1072 2592 1127 2654 1.
1175 2614 1238 2677 p.
1269 2591 1398 2655 345
1445 2611 1582 2675 sqq.
1673 2591 1895 2675 ltaque
1948 2590 2053 2654 hic
2108 2593 2297 2655 etiam
2353 2588 2518 2653 liber
2571 2590 2749 2675 quasi

542 2695 612 2758 in
665 2693 985 2759 vestibulo
1043 2704 1331 2759 versatur
1386 2691 1860 2779 philosophiae,
1921 2696 2186 2779 propius
2232 2702 2443 2757 tamen
2489 2692 2569 2757 ad
2616 2713 2749 2758 rem

545 2795 792 2860 accedit
846 2819 1032 2882 quam
1090 2796 1252 2862 liber
1305 2799 1574 2883 primus,
1631 2794 1937 2882 siquidem
1996 2797 2058 2860 in
2119 2799 2321 2882 primo
2376 2795 2545 2861 libro
2591 2794 2749 2861 nihil

544 2897 718 2964 aliud
765 2921 949 2986 quam
995 2900 1261 2967 aliorum
1308 2901 1390 2965 de
1434 2903 1651 2986 primis
1694 2902 1901 2963 causis
1946 2903 2300 2965 sententiae
2334 2908 2752 2966 recensentur

467 3021 474 3026 ·
547 3013 612 3067 et
655 3003 1040 3082 iudicantur,
1096 3005 1224 3067 hoc
1280 3013 1486 3068 autem
1543 3006 1611 3067 in
1672 3001 1840 3066 libro
1891 3005 2089 3088 ipsius
2133 3007 2226 3069 rei
2271 3000 2751 3090 investigandae

548 3106 957 3171 difficultates
1015 3117 1513 3191 pertractantur,
1571 3109 1704 3170 sive
1764 3109 2147 3192 conspicuae
2203 3110 2325 3171 iam
2380 3108 2449 3170 in
2502 3103 2751 3191 placitis

546 3213 946 3295 superiorum
989 3206 1518 3295 philosophorum
1566 3211 1702 3273 sive
1747 3208 1827 3273 ab
1871 3208 2010 3273 aliis
2057 3213 2245 3274 etiam
2296 3220 2426 3275 tum
2471 3218 2753 3296 praeten-

546 3318 792 3392 missae,
836 3316 1003 3378 995·
1027 3314 1115 3377 26
1160 3332 1252 3398 sq.
1329 3314 1423 3377 Ac
1468 3315 1672 3399 primo
1720 3311 1973 3399 quidem
2018 3315 2227 3400 capite
2269 3310 2556 3397 ἀπορίας
2578 3332 2752 3392 ,enu-

546 3428 748 3481 merat
793 3428 1051 3494 tantum,
1096 3415 1336 3501 reiiqua
1383 3416 1526 3480 libri
1570 3426 1752 3502 parte
1797 3419 1865 3480 in
1909 3428 2235 3502 utramque
2280 3428 2522 3503 partem
2559 3415 2642 3480 de
2671 3418 2751 3480 iis

548 3519 840 3607 disputat,
886 3518 1057 3606 quod
1106 3542 1293 3605 quum
1341 3541 1474 3583 uon
1499 3541 1779 3607 prorsus
1826 3518 2052 3584 eodem
2100 3518 2329 3585 ordine
2372 3521 2576 3595 iaciat,
2620 3537 2749 3604 quo

549 3646 656 3688 eas
702 3626 1120 3702 enumeravit,
1177 3622 1461 3712 singulas
1506 3623 1616 3691 ubi
1660 3626 2138 3711 pertractaverit
2178 3622 2459 3688 breviter
2499 3621 2753 3687 videtur

549 3727 969 3806 indicandum,
1015 3737 1086 3792 ut
1128 3726 1219 3790 ibi
1265 3739 1605 3812 quaeratur
1648 3730 1702 3791 si
1749 3725 1898 3814 quid
1943 3726 2023 3791 ad
2065 3748 2171 3791 eas
2212 3724 2612 3813 explicandas
2642 3747 2753 3790 ne-

550 3835 888 3896 cessarium
934 3830 1242 3895 videatur.
1333 3832 1493 3895 995b
1533 3833 1574 3895 5
1618 3824 1902 3916 πότερον
1944 3868 2032 3879 -
2078 3833 2120 3895 6
2166 3833 2409 3909 αἰτίας,
2456 3830 2534 3894 cf.
2580 3831 2751 3895 996·

554 3935 892 3998 17-1126.
937 3971 1026 3983 —
1075 3936 1161 3998 116
1204 3933 1315 3997 καὶ
1359 3928 1638 4014 πότερον
1683 3972 1769 3983 -
1820 3935 1902 3998 10
1944 3926 2285 4011 τοιούτων,
2341 3934 2419 3998 cf.
2465 3935 2626 3998 996⁶
2663 3933 2751 3998 25

554 4038 815 4104 -997α
850 4038 945 4102 15.
978 4072 1063 4084 -
1087 4039 1220 4101 ΗΟ
1251 4032 1363 4100 εἴτ’
1397 4073 1475 4087 -
1516 4038 1596 4098 ll
1636 4036 1928 4114 πλείονές
1964 4042 2103 4115 εἰσι,
2143 4038 2222 4102 cf.
2252 4039 2419 4102 997⁶
2451 4038 2752 4102 15-25,

549 4138 901 4202 Proximam
947 4137 1237 4225 ἀπορίαν
1271 4142 1399 4204 612
1444 4131 1570 4204 κᾶν
1616 4144 1670 4203 εὶ
1705 4178 1782 4191 -
1821 4143 1904 4205 13
1948 4138 2164 4206 αὐτῶν
2208 4161 2345 4205 nou
2385 4138 2751 4229 singiliatim

551 4244 921 4326 pertractari
964 4246 1085 4307 iam
1118 4243 1428 4329 Syrianus
1474 4243 1944 4320 animadvertit3
1988 4244 2103 4309 sed
2150 4247 2465 4331 superiori
2510 4246 2597 4307 ita
2645 4241 2755 4307 ad-

550 4344 787 4422 haeret,
829 4357 902 4410 ut
945 4344 1053 4411 ubi
1100 4346 1205 4410 iila
1251 4357 1571 4433 pensatur,
1615 4346 1697 4411 de
1744 4349 1858 4413 hac
1895 4351 2083 4413 etiam
2120 4347 2323 4413 videri
2361 4351 2566 4434 possit
2603 4349 2755 4411 satis

553 4447 935 4533 disputatum
976 4471 1134 4514 esse.
1166 4490 1252 4501 —
1284 4451 1411 4516 1³13
1446 4450 1556 4516 καὶ
1591 4454 1786 4518 τοῦτο
1821 4487 1900 4506 --
1939 4455 2018 4518 17
2058 4454 2424 4532 αἱσθητιῖν,
2468 4452 2549 4516 cf.
2586 4453 2755 4517 9970
