3109 5175
1143 386 1227 456 H
1265 383 1333 457 4.
1421 382 1608 458 1044
1623 407 1689 456 α.
2377 388 2512 462 371

308 560 363 625 A
392 560 452 624 4.
487 561 697 625 10156
724 561 782 624 7.
835 559 940 625 24.
976 559 1186 625 1023α
1210 561 1318 624 27.
1385 559 1607 626 Veluti
1645 556 2024 650 φλέγματος
2066 566 2204 627 ἐστι
2244 561 2521 651 πρώτη

306 657 430 741 ὕλη
474 655 560 727 τὰ
604 663 842 746 γλυκέα
886 656 932 743 ἢ
974 658 1222 747 λιπαρά
1263 664 1397 728 κτλ.
1481 665 1688 729 Recte
1731 664 2096 730 Alexander
2139 687 2200 751 p.
2237 668 2388 746 525,
2431 669 2523 733 2⁰

307 787 448 831 voc.
479 761 704 853 πρώτη
735 766 1015 854 'explicat
1049 766 1297 832 addito:
1333 768 1448 831 καὶ
1479 764 1831 853 προσεχήςε
1865 768 2139 858 intelligi
2173 776 2340 837 enim
2372 795 2521 859 pro-

304 872 527 934 ximam
573 874 898 935 materiam
944 892 1019 935 ex
1066 891 1147 935 eo
1194 873 1620 957 cognoscitur,
1666 873 1839 958 quod
1887 872 2121 938 deinde
2167 874 2321 941 dicit
2358 877 2522 942 hanc

304 976 571 1060 pituitae
618 984 683 1038 et
728 973 1038 1039 diversam
1085 973 1165 1039 ab
1214 996 1287 1039 ea
1327 973 1470 1039 bilis
1506 980 1829 1042 materiam
1866 978 2139 1043 fortasse
2181 1001 2255 1047 ex
2292 980 2518 1046 iisdem

303 1076 666 1163 primordiis
713 1088 777 1143 et
822 1077 1150 1143 elementis
1203 1078 1585 1164 repetendas
1646 1101 1786 1145 esse
1843 1080 2037 1159 (ἴσως
2080 1084 2149 1149 δὲ
2193 1085 2407 1150 ταῦτα
2451 1090 2522 1149 ἐκ

303 1183 426 1245 τοῦ
481 1177 690 1246 αὐτοῖ
735 1183 947 1264 als),
1005 1204 1164 1268 aqua
1222 1184 1540 1262 nimirum,
1598 1195 1762 1249 terra
1819 1184 1932 1249 rel.
2022 1188 2107 1249 Et
2150 1209 2519 1273 quamquam

302 1287 559 1348 minime
601 1284 1006 1371 probandum
1054 1296 1167 1365 est,
1212 1288 1386 1373 quod
1428 1288 1657 1354 eodem
1694 1287 2015 1355 vocabulo
2054 1292 2313 1376 πρῶτος
2350 1312 2522 1357 nunc

304 1409 458 1452 usus
516 1398 615 1453 est
668 1389 752 1454 ad
810 1388 1290 1477 significandam
1349 1395 1698 1477 proximam
1755 1395 2080 1458 materiam
2137 1393 2259 1473 (cf.
2309 1395 2521 1460 10446

307 1493 410 1571 16,
439 1493 555 1557 20:
600 1488 678 1558 τὸ
720 1495 1049 1580 πρῶτον
1088 1491 1408 1578 πάσχον),
1453 1518 1583 1581 quo
1614 1496 1835 1582 paullo
1867 1507 2033 1575 ante,
2070 1499 2223 1573 016,
2258 1501 2519 1583 primam

306 1605 371 1660 et
401 1598 881 1661 remotissimam
918 1596 1307 1683 significavit
1339 1602 1688 1664 materiam:
1727 1622 1801 1664 ea
1836 1610 2044 1664 tamen
2077 1609 2143 1664 et
2170 1619 2313 1663 voc.
2343 1602 2521 1686 πρῶ-

253 1721 418 1778 ,τος
464 1708 563 1763 est
607 1698 983 1788 ambiguitas
1030 1700 1152 1783 (cf.
1200 1699 1281 1764 ad
1321 1700 1378 1765 A
1411 1704 1472 1766 6.
1517 1704 1727 1771 101611
1762 1705 1889 1783 19)
1937 1712 2002 1769 et
2047 1702 2407 1768 Aristotelis
2451 1706 2520 1769 in

303 1802 646 1869 scribendo
689 1801 1118 1891 negligentia,
1176 1814 1248 1870 ut
1291 1824 1426 1869 non
1470 1818 1716 1891 putem,
1774 1828 1941 1892 quae
1986 1815 2085 1872 est
2128 1806 2520 1895 Schwegleri

304 1910 648 1985 sententia,
703 1917 1052 1994 propterea
1111 1930 1251 1973 cum
1309 1908 1453 1974 cod.
1499 1911 1592 1974 Ab
1639 1909 1988 1976 omittenda
2043 1930 2183 1975 esse
2233 1932 2337 1975 vv
2384 1915 2524 1976 ἐστι

302 2006 527 2096 πρώτη
571 2006 714 2090 ὕλη.
765 2046 844 2061 -—
905 2011 1036 2077 Sed
1097 2014 1286 2077 etiam
1341 2013 1697 2098 peculiares
1752 2016 2053 2079 materiae
2108 2012 2327 2099 plures
2372 2034 2520 2099 pos

303 2124 455 2180 sunt
514 2113 794 2180 eiusdem
851 2120 945 2180 rei
1004 2137 1174 2195 esse,
1230 2114 1430 2181 veluti
1487 2119 1759 2203 pituitae
1813 2119 2073 2181 materia
2135 2126 2201 2182 et
2256 2119 2521 2205 pinguia

305 2238 448 2283 esse
492 2230 767 2305 possunt
813 2230 878 2285 et
922 2218 1149 2297 dulcia,
1193 2222 1246 2283 si
1293 2218 1492 2285 altera
1532 2242 1609 2286 ex
1646 2220 1862 2286 alteris
1901 2223 2209 2299 oriantur,
2252 2223 2520 2308 pinguia

304 2322 452 2388 dico
485 2344 560 2388 ex
599 2322 912 2388 dulcibus.
981 2321 1122 2387 Alia
1170 2326 1356 2388 etiam
1403 2327 1657 2389 ratione
1702 2346 1781 2391 ex
1825 2324 1956 2389 bile
1998 2323 2127 2389 dici
2172 2333 2394 2411 potest
2428 2326 2521 2410 pi-

304 2429 464 2492 tuita
507 2425 682 2506 fieri,
732 2428 823 2510 τῷ
867 2422 1290 2492 ἀναλύεσθαι
1334 2432 1425 2503 εὶς
1466 2420 1590 2506 τὴν
1632 2423 1899 2513 πρώτην
1939 2422 2105 2507 ὕλην
2148 2421 2271 2507 τὴν
2309 2424 2522 2512 χολήν

303 2532 456 2610 ⁶22,
500 2531 560 2596 h.
596 2553 651 2597 e.
696 2534 785 2595 ita
830 2539 901 2596 ut
944 2529 1137 2596 bilem
1181 2533 1445 2618 primum
1491 2530 1838 2597 resolutam
1884 2552 2024 2597 esse
2061 2534 2413 2619 cogitemus
2453 2534 2521 2598 in

302 2639 502 2722 prima
562 2635 905 2712 elementa,
965 2656 1039 2699 ex
1099 2634 1330 2722 quibus
1388 2635 1623 2702 deinde
1666 2639 1973 2725 progigni
2015 2645 2232 2721 potest
2274 2638 2521 2722 pituita,

304 2739 384 2803 cf.
425 2742 579 2805 «24.
670 2741 924 2804 Etenim
985 2759 1074 2803 ex
1133 2738 1409 2824 aliquo
1469 2760 1647 2804 esse
1705 2739 1933 2804 latiore
1989 2739 2221 2805 dicitur
2264 2739 2522 2816 ambitu,

304 2863 489 2929 quam
535 2866 719 2930 quem
763 2845 1066 2908 materiae
1111 2842 1306 2908 habet
1347 2845 1554 2920 notio,
1609 2843 1687 2907 cf.
1734 2843 1818 2907 ad
1862 2844 1919 2909 A
1953 2845 2099 2919 243*
2117 2865 2305 2928 quum
2354 2843 2522 2908 enim

304 2946 540 3034 duplex
596 2951 683 3013 sit
727 2947 1080 3034 generandi
1126 2950 1258 3025 via,
1316 2945 1515 3011 altera
1560 2950 1808 3030 γένεσις
1851 2943 2034 3026 ἁπλῆ
2078 2967 2269 3032 quum
2315 2968 2350 3009 a
2397 2967 2523 3010 ma-

302 3055 462 3117 teria
509 3051 613 3116 vel
659 3071 696 3115 a
743 3051 1068 3117 deteriore
1110 3052 1315 3116 forma
1361 3050 1442 3116 ad
1488 3049 1821 3115 definitum
1867 3070 2102 3136 corpus
2142 3048 2252 3115 vel
2290 3048 2370 3114 ad
2407 3070 2524 3136 po·

301 3156 534 3222 tior-em
572 3156 836 3221 formam
875 3155 1265 3244 proceditur,
1310 3154 1511 3220 altera
1554 3154 1905 3240 quae-huic
1944 3164 2042 3219 est
2076 3155 2378 3240 opposita
2402 3155 2524 3237 ’γέ-

301 3279 479 3337 νεσις
519 3255 693 3324 κατὰ
738 3252 1180 3344 συμβεβηκός,
1237 3268 1504 3343 utraque
1557 3261 1812 3323 ratione
1856 3257 2121 3322 alterum
2168 3257 2404 3322 dicitur
2450 3279 2525 3322 ex

304 3362 509 3430 altero
543 3364 706 3443 ficri,
753 3364 834 3428 cf.
865 3364 1057 3448 Phys.
1091 3362 1122 3425 1
1159 3365 1221 3426 5.
1257 3362 1422 3425 ΙΘΘα
1454 3363 1572 3427 15:
1615 3361 1727 3425 καὶ
1773 3357 1890 3444 οὐχ
1935 3357 1973 3425 ὁ
2020 3354 2221 3452 αὐτὸς
2263 3355 2524 3447 τρόπος,

303 3463 394 3543 ὡς
447 3467 731 3532 πλίνθοι
787 3466 857 3547 ἐξ
916 3468 1130 3542 οἰκίας
1182 3466 1297 3529 καὶ
1348 3467 1523 3530 οἰκία
1570 3468 1643 3527 ἐκ
1686 3464 2026 3540 πλίνθων,
2080 3459 2252 3528 οὕτω
2298 3464 2367 3527 δὲ
2412 3464 2525 3527 καὶ

302 3564 478 3656 ὕδωρ
536 3572 648 3635 καὶ
706 3564 837 3656 ἀὴρ
898 3566 968 3648 ἐξ
1024 3563 1329 3648 ἀλλήλων
1372 3569 1485 3633 καὶ
1531 3567 1656 3631 εἰσὶ
1699 3567 1813 3630 καὶ
1857 3568 2172 3648 γίνονται.
2265 3564 2383 3629 Illa
2427 3586 2525 3630 ra·-

304 3676 483 3738 tione
528 3696 722 3760 quum
767 3673 847 3739 de
893 3673 1314 3762 generatione
1356 3691 1512 3736 vere
1555 3668 2016 3758 progrediente
2060 3671 2195 3733 sive
2239 3668 2527 3754 simplice

305 3780 552 3865 agimus
598 3774 743 3858 (ὅτι
780 3771 910 3864 πρὸ
950 3773 1113 3843 ὁδοῦ
1145 3777 1332 3841 ἔσται
1369 3775 1522 3853 «224,
1568 3774 1629 3838 h.
1661 3795 1718 3838 e.
1766 3767 1870 3838 ὅτι
1902 3774 2089 3839 ἔσται
2122 3775 2525 3858 προερχομέ-

302 3901 424 3961 νης
465 3882 586 3960 τῆς
629 3884 1010 3966 γενέσεως),
1065 3882 1356 3965 pituitam
1413 3879 1562 3944 fieri
1621 3877 1886 3943 dicimus
1946 3898 2021 3941 ex
2064 3875 2419 3963 pinguibus
2462 3883 2529 3939 et

307 3983 601 4051 dulcibus
638 3985 1000 4060 elementis3
1036 3986 1163 4049 hoc
1198 4003 1390 4049 sensu
1427 3994 1502 4049 ut
1534 3980 1964 4069 intelligamus
1998 3975 2122 4060 τήν
2153 3973 2329 4045 κατὰ
2363 4000 2528 4064 συμ-

306 4083 593 4173 βεβηκὸς
634 4093 903 4174 γένεσιν,
948 4111 1138 4175 quum
1185 4087 1442 4176 quidem
1487 4109 1590 4152 res
1637 4084 1899 4151 definita
1945 4087 2012 4148 in
2052 4085 2376 4149 materiam
2420 4080 2528 4147 vel

306 4192 674 4258 inferiorem
718 4193 1032 4282 dignitate
1071 4192 1336 4257 formam
1374 4191 1717 4257 resolvitur
1759 4194 1786 4270 (
1802 4183 1908 4255 ὅτι
1947 4185 2407 4261 ἀναλυθέντος
2441 4190 2533 4259 εἰς

306 4289 431 4377 τὴν
474 4294 905 4382 &mppr-⁶24)
962 4297 1252 4384 pituitam
1313 4319 1386 4361 ex
1443 4294 1580 4359 bile
1622 4294 1767 4360 fieri
1811 4292 2092 4359 dicimus.
2185 4288 2291 4354 Cf.
2339 4286 2419 4352 ad
2469 4290 2532 4353 1.

312 4402 517 4466 lomb
542 4404 604 4468 7.
639 4437 722 4453 —
769 4402 866 4466 Ex
911 4400 1134 4480 eadem
1181 4401 1443 4465 materia
1486 4407 1763 4484 possunt
1805 4394 2122 4461 interdum
2170 4413 2289 4479 per
2327 4390 2533 4456 diver-

308 4506 558 4571 sitatem
605 4527 835 4572 causae
879 4508 1228 4585 moventis,
1282 4502 1484 4569 veluti
1530 4504 1713 4580 artis,
1766 4500 2057 4566 diversae
2100 4518 2204 4564 res
2247 4493 2421 4571 fieri,
2469 4502 2534 4558 et

2013 4605 2123 4662 24·
