3109 5175
562 374 662 449 94
1409 376 1487 447 Α
1532 373 1606 447 6.
1678 371 1825 448 987
1845 372 1909 446 b.

696 547 894 635 Quod
940 558 1150 614 autem
1187 548 1566 615 Aristoteles
1610 550 1709 615 his
1752 549 1964 615 verbis
2006 560 2073 615 et
2115 548 2398 615 idearum
2441 546 2775 615 materiale

565 656 940 743 principium
995 663 1061 718 et
1116 652 1336 718 eadem
1394 653 1678 718 idearum
1730 675 2063 739 rerumque
2106 652 2499 719 sensibilium
2544 655 2775 740 princi-

563 760 670 846 pia
728 760 1022 823 statuisse
1067 756 1399 822 Platonem
1456 757 1680 835 refert,
1736 756 1803 822 id
1860 778 1985 822 nec
2038 761 2379 822 concinere
2436 779 2577 822 cum
2630 759 2772 843 ipsa

563 861 853 927 Platonis
898 860 1188 927 doctrina
1232 883 1356 926 nec
1398 872 1611 926 tamen
1655 861 1881 927 deesse
1925 863 1992 925 in
2040 883 2144 940 ea,
2201 861 2372 926 unde
2423 860 2590 925 hanc
2634 862 2774 947 opi-

563 970 823 1032 nionem
877 964 1156 1030 hauserit
1202 964 1614 1043 Aristotelea,
1678 976 1742 1030 et
1785 977 1969 1030 acute
2015 977 2081 1031 et
2123 988 2275 1032 vere
2331 964 2776 1053 comprobavit

566 1069 779 1135 Zeller
806 1068 968 1133 Plat.
1001 1069 1095 1135 St.
1132 1093 1193 1156 p.
1225 1070 1623 1135 248-257.
1682 1068 1840 1134 Phil.
1885 1067 1947 1134 d.
1979 1069 2094 1134 Gr.
2126 1071 2203 1136 11.
2233 1094 2296 1156 p.
2327 1071 2455 1135 237
2476 1070 2726 1134 -241,

699 1174 975 1239 987b22
1011 1166 1101 1238 τὸ
1135 1177 1424 1259 μέντοι
1454 1195 1540 1257 γε
1576 1173 1659 1238 ἓν
1690 1210 1779 1223 -
1815 1173 1983 1238 9880
2009 1174 2048 1238 l
2085 1177 2544 1258 ἐκμαγείου.
2603 1171 2773 1240 Cum

563 1276 992 1364 Pythagoreis
1037 1276 1221 1341 Plato
1267 1276 1394 1340 hoc
1436 1275 1630 1340 habet
1672 1295 2034 1356 commune,
2085 1275 2261 1364 quod
2304 1297 2439 1341 non
2482 1276 2776 1342 substan-

565 1384 716 1447 tiam
758 1380 1074 1468 quandam
1119 1380 1416 1459 subiecit,
1469 1377 1550 1444 dc
1597 1401 1720 1465 qua
1765 1379 2166 1465 praedicetur
2206 1384 2444 1459 unitas,
2500 1376 2594 1466 μὴ
2638 1385 2775 1446 ἕτε-

564 1480 688 1572 ρόν
730 1488 802 1568 γέ
846 1508 914 1550 τι
954 1477 1033 1550 ὃν
1077 1484 1394 1569 λέγεσθαι
1439 1488 1510 1548 ἔν
1542 1484 1690 1562 623,
1736 1482 1850 1548 sed
1896 1486 2095 1569 ipsam
2141 1487 2442 1550 unitatem
2482 1484 2775 1551 substan-

565 1592 712 1654 tiam
760 1610 902 1655 esse
948 1588 1172 1667 voluit,
1217 1588 1294 1652 cs.
1340 1585 1421 1651 ad
1467 1588 1528 1653 5.
1574 1588 1743 1653 9870
1786 1587 1883 1663 18,
1931 1598 1996 1652 et
2038 1587 2211 1674 quod
2257 1610 2575 1668 numeros,
2621 1589 2775 1655 licet
2856 1666 2865 1673 α

566 1691 687 1758 alia
741 1715 819 1757 ac
861 1693 1253 1782 Pythagorei
1296 1692 1576 1769 ratione,
1632 1694 1701 1755 in
1756 1692 2079 1778 principiis
2135 1695 2370 1779 posuit.
2460 1693 2776 1759 Dissentit

565 1806 774 1862 autem
818 1817 857 1861 a
903 1795 1328 1885 Pythagoreis
1375 1806 1441 1860 et
1484 1814 1597 1873 eo,
1654 1793 1829 1881 quod
1885 1793 2197 1859 infinitam
2249 1798 2548 1862 materiae
2592 1808 2777 1862 natu-

565 1921 719 1978 ram,
761 1899 963 1965 verbo
1010 1900 1264 1987 quidem
1310 1901 1511 1988 magis
1559 1920 1743 1985 quam
1786 1920 1858 1963 re
1903 1920 1979 1962 ac
2020 1903 2292 1964 notione
2335 1900 2456 1979 (οἱ.
2501 1901 2695 1987 Phys.
2739 1900 2771 1965 1

564 2007 626 2071 9.
674 2007 837 2071 192·
860 2007 944 2086 9)
988 2002 1304 2091 duplicem
1352 2003 1515 2082 fecit,
1559 1998 1709 2067 ἀντὶ
1752 2003 1873 2068 τοῦ
1915 1997 2190 2090 ἀπείρου
2233 2001 2321 2081 ὡς
2362 1997 2510 2080 ἐνὸς
2551 1999 2771 2069 δυάδα

565 2111 720 2188 (int.
762 2110 883 2175 τοῦ
924 2104 1216 2195 μεγάλου
1258 2109 1370 2172 καὶ
1410 2108 1676 2193 μικροῦ,
1727 2127 1861 2171 non
1905 2103 2029 2186 τὴν
2071 2102 2386 2193 ἀόριστον
2428 2103 2644 2173 δυάδα
2690 2106 2772 2173 cf.

567 2213 648 2279 ad
670 2215 802 2279 ⁶20
846 2223 914 2278 et
957 2211 1197 2278 Trend.
1245 2210 1328 2276 de
1372 2211 1457 2278 id.
1503 2235 1565 2298 p.
1599 2212 1903 2289 48-51,
1950 2210 2164 2275 Zeller
2205 2209 2300 2275 Pl.
2347 2210 2441 2276 St.
2488 2234 2550 2298 p.
2580 2212 2771 2291 222),

567 2327 635 2383 et
677 2339 759 2382 eo
804 2315 981 2404 quod
1024 2338 1061 2380 a
1106 2315 1296 2380 rebus
1341 2317 1613 2380 seiunxit
1656 2334 1983 2392 numeros,
2028 2336 2192 2400 quos
2237 2315 2633 2402 Pythagorei
2677 2318 2773 2380 in·

568 2441 710 2486 esse
753 2420 945 2486 rebus
990 2429 1399 2496 censuerant,
1455 2418 1535 2482 cf.
1585 2418 1664 2483 ad
1710 2420 1772 2483 5.
1818 2419 1989 2484 986·
2031 2420 2130 2486 13.
2220 2414 2506 2487 Seiunxii
2561 2431 2771 2486 autem

566 2547 603 2593 a
649 2525 841 2592 rebus
885 2544 1217 2602 numeros,
1274 2525 1419 2610 quia
1473 2526 1750 2589 numeris
1792 2522 2079 2589 idearum
2126 2526 2436 2589 contineri
2482 2534 2769 2590 naturam

566 2629 1015 2709 arbitrabatur,
1070 2649 1225 2716 quas
1275 2626 1705 2716 seiungendas
1755 2650 1790 2692 a
1838 2626 2029 2693 rebus
2073 2637 2138 2693 et
2181 2627 2479 2695 absolute
2523 2649 2773 2715 ponen-

567 2734 682 2800 das
724 2734 1147 2807 intellexerat3
1206 2741 1571 2818 tantamque
1614 2731 1775 2797 ideis
1818 2731 2128 2797 tribuerat
2169 2731 2573 2821 dignitatem,
2621 2735 2770 2820 quia

566 2839 852 2905 Socratis
909 2837 1260 2903 doctrinam
1312 2847 1569 2902 secutus
1612 2858 1912 2901 summam
1955 2838 2026 2901 in
2070 2834 2551 2902 definitionibus
2594 2840 2771 2903 inve-

566 2940 878 3031 stigandis
921 2940 1350 3007 collocaverat
1394 2962 1685 3026 operam,
1737 2944 1801 3007 οἱ
1840 2935 1971 3026 γάρ
2014 2935 2324 3027 πρότεροι
2369 2941 2775 3021 διαλεκτικῆς

567 3044 648 3114 οὐ
688 3055 987 3132 μετεῖχον
1018 3047 1173 3124 ⁶32,
1231 3046 1311 3111 cf.
1358 3048 1447 3111 M
1481 3047 1541 3111 4.
1597 3048 1794 3112 1078⁶
1829 3048 1943 3111 25:
2003 3038 2373 3111 διαλεκτικὴ
2415 3039 2545 3131 γὰρ
2589 3040 2773 3131 ἰσχὺς

567 3143 747 3217 οὔπω
790 3144 926 3214 τότ’
963 3139 1065 3230 ἦν,
1109 3145 1274 3215 ὥστε
1319 3144 1662 3215 δύνασθαι
1702 3153 1813 3216 καὶ
1849 3150 2051 3237 χωρὶς
2094 3149 2213 3216 τοῦ
2247 3151 2314 3214 τί
2349 3154 2483 3214 ἐστι
2524 3145 2775 3215 τάναν-

565 3258 677 3320 τία
721 3257 1111 3320 ἐπισκοπεῖν.
1200 3253 1495 3339 Dyadem
1549 3266 1757 3319 autem
1802 3258 2101 3320 materiae
2143 3263 2486 3340 propterea
2532 3256 2769 3331 stanit,

565 3361 714 3445 quia
759 3361 1004 3423 numeri
1048 3378 1121 3423 ex
1162 3356 1378 3444 dyade
1413 3358 1600 3424 facile
1636 3363 2123 3449 progignuntur,
2166 3356 2309 3438 ἔξω
2356 3360 2512 3424 τῶν
2552 3351 2773 3444 πρώ-

564 3483 722 3526 των
756 3463 904 3528 1234.
979 3461 1110 3528 Sed
1155 3463 1220 3526 hi
1266 3466 1514 3551 πρῶτοι
1557 3461 1847 3550 ἀριθμοί
1890 3467 1999 3550 qui
2030 3466 2159 3528 sint
2183 3461 2600 3550 intelligendi,
2643 3460 2771 3526 dis-

566 3568 851 3631 sentiunt
891 3568 1291 3653 interpretes.
1380 3567 1740 3633 Alexander
1798 3570 1960 3631 enim
2012 3570 2259 3654 πρῶτοι
2300 3587 2492 3631 sensu
2535 3565 2773 3630 mathe-

566 3672 795 3734 matico
852 3672 1305 3756 interpretatus
1360 3669 1631 3758 intelligi
1683 3670 1821 3736 vult
1863 3669 1969 3736 vel
2014 3665 2166 3748 τοὺς
2207 3665 2503 3755 πρώτους
2544 3666 2772 3747 ἁπλῶς

566 3775 605 3838 i.
652 3794 707 3839 e.
752 3766 906 3851 τοὺς
946 3771 1192 3858 μονάδι
1230 3769 1399 3865 μόνῃ
1447 3778 1952 3861 μετρουμένους,
2006 3798 2067 3861 p.
2111 3775 2214 3853 43,
2265 3777 2344 3839 19
2388 3776 2568 3855 (sive
2612 3774 2773 3839 liaeo

567 3875 907 3963 explicatio
952 3877 1294 3943 Alexandri
1337 3888 1462 3955 est,
1519 3881 1657 3943 sive
1715 3878 1873 3944 alius
1931 3877 2253 3944 cuiusdam
2300 3881 2534 3944 veteris
2580 3882 2773 3943 inter-

563 3982 762 4067 pretis
776 3984 821 4061 )‚
865 3980 972 4045 vel
1008 3985 1300 4048 universe
1330 3985 1601 4068 impares
1630 4003 1951 4059 numeros,
1984 4005 2044 4070 p.
2075 3984 2178 4061 43,
2210 3985 2271 4048 4.
2338 3984 2576 4048 Nostra
2607 4003 2769 4048 vero

565 4092 774 4149 aetate
799 4083 1336 4174 Trendelenburg
1368 4084 1451 4151 de
1487 4085 1571 4151 id.
1606 4108 1668 4172 p.
1702 4088 1803 4165 78,
1836 4086 2049 4151 Zeller
2075 4087 2235 4153 Plat.
2266 4087 2362 4152 St.
2390 4111 2451 4173 p.
2474 4088 2607 4153 255
2632 4108 2770 4173 sqq.

566 4197 731 4267 not„
787 4187 1162 4277 Schwegler
1202 4189 1282 4254 ad
1329 4190 1388 4253 h.
1433 4188 1474 4253 l.
1523 4189 1852 4256 vocabulis
1901 4192 2151 4278 πρῶτοι
2194 4188 2485 4277 ἀριθμοί
2525 4190 2771 4258 ideales

565 4312 868 4358 numeros
921 4292 1266 4381 significari
1321 4304 1734 4374 monuerunt,
1794 4305 1857 4360 et
1912 4298 2241 4361 coniunxit
2293 4294 2770 4381 quodammodo

565 4406 893 4483 uti-amque
936 4401 1310 4464 sententiam
1354 4398 1629 4464 Brandis
1669 4399 1837 4465 Mus.
1869 4398 2075 4465 Rhen.
2120 4399 2229 4464 111.
2277 4421 2338 4486 p.
2371 4402 2503 4465 574
2547 4409 2613 4464 et
2654 4397 2773 4464 du-

565 4498 865 4566 bitantius
911 4500 1144 4568 Gesch.
1190 4503 1269 4568 11.
1326 4526 1390 4590 p.
1430 4504 1711 4582 313xx,
1770 4503 1943 4590 quod
2001 4524 2132 4569 non
2190 4523 2413 4569 omnes
2470 4523 2773 4570 numeros
