3109 5175
1191 386 1268 460 B
1314 385 1384 459 4.
1469 382 1739 461 loma.
2429 387 2565 464 163

364 559 734 628 substantiis
779 580 923 627 esse
966 559 1278 642 habenda,
1319 562 1478 631 inde
1511 562 1789 631 efficitur
1830 573 1921 645 ut,
1955 584 2146 651 quum
2173 562 2569 633 substantiae

363 666 677 754 dignitate
720 686 797 732 ea
839 667 1087 752 privata
1131 669 1276 747 sint,
1322 688 1486 754 quae
1526 671 1792 734 maxime
1835 678 1985 737 sunt
2026 669 2439 750 universalia,
2482 692 2567 737 ne

360 768 537 836 aliud
581 769 838 858 quidem
883 771 1244 837 universale
1288 771 1624 859 quidquam
1681 782 1940 860 praeter
1980 794 2085 838 res
2124 776 2410 862 singulas
2453 796 2569 863 po*

358 875 641 943 nendum
699 877 810 953 sit,
863 896 987 940 nec
1040 896 1338 942 numerus
1394 888 1687 962 separata
1742 878 1827 942 sit
1878 888 1944 943 et
1983 898 2107 965 per
2144 899 2217 943 se
2262 884 2567 947 exsistens

360 976 731 1059 substantia,
768 980 1125 1046 als—27.
1215 979 1330 1045 sin
1388 994 1597 1045 autem
1641 985 1939 1069 ponimus
1981 981 2363 1049 substantias
2409 1005 2566 1063 essu,

359 1086 467 1171 qui
510 1084 656 1149 fieri
698 1087 902 1171 possit
943 1095 1018 1150 ut
1059 1083 1235 1150 aliud
1277 1087 1361 1148 sit
1403 1104 1521 1149 ens
1563 1084 1671 1150 vel
1710 1108 1904 1152 unum
1938 1095 2199 1173 praeter
2230 1086 2408 1167 illud,
2453 1087 2567 1153 du—

355 1188 530 1254 bium
573 1198 688 1266 est,
731 1198 798 1254 et
830 1209 914 1254 ne
955 1193 1043 1254 ita
1080 1187 1334 1275 quidem
1367 1186 1625 1255 videtur
1656 1210 1957 1255 numerus
2000 1210 2142 1255 esse
2180 1211 2391 1277 posse,
2426 1193 2561 1259 ⁴27

359 1294 562 1357 -⁶6.
628 1292 966 1359 Accedunt
1000 1292 1163 1358 aliae
1197 1290 1661 1360 dubitationes:
1705 1297 1987 1361 Zenonis
2035 1296 2200 1358 enim
2244 1292 2476 1380 placita
2509 1297 2567 1360 si
2688 1364 2703 1379 ‚

357 1399 695 1482 sequimur,
738 1417 822 1465 ne
867 1400 1074 1483 ipsum
1117 1395 1368 1483 quidem
1415 1417 1529 1465 eus
1572 1397 1827 1464 videtur
1871 1418 2017 1464 esse
2055 1419 2278 1485 posse;
2331 1399 2567 1484 Pytho-

355 1521 707 1589 goreorum
753 1511 819 1566 et
862 1499 1149 1566 Platonis
1195 1504 1542 1569 sententias
1587 1505 1641 1566 si
1683 1501 2074 1591 indagamus,
2123 1502 2449 1588 quomodo
2489 1525 2567 1570 ex

354 1604 484 1670 hoc
522 1606 841 1692 principio
883 1603 990 1669 vel
1034 1608 1283 1670 numeri
1324 1602 1431 1671 vel
1466 1605 1675 1671 lineae
1710 1605 1901 1692 plana
1939 1626 2213 1694 corpora
2248 1605 2565 1687 deducan-

356 1718 478 1787 tur,
521 1707 786 1774 difficile
825 1719 923 1775 est
957 1709 1185 1789 dicere,
1220 1710 1526 1776 ⁶7—25.
1563 1749 1644 1764 —
1687 1709 2043 1778 Dialectice
2073 1710 2395 1798 disputare
2423 1714 2564 1777 Ari-

355 1808 654 1877 stotelem
711 1812 832 1877 hac
885 1816 1151 1879 maxime
1206 1818 1275 1879 in
1333 1818 1710 1901 quaestione
1768 1816 1977 1902 probe
2035 1825 2133 1882 est
2188 1815 2563 1893 tenendum3

356 1914 534 2002 quod
581 1918 748 1982 enim
792 1915 874 1982 de
918 1936 1322 1984 numerorum
1380 1918 1744 1984 exsistentia
1788 1918 1942 1985 dicit
1986 1928 2053 1984 et
2092 1941 2255 2006 quae
2302 1942 2379 1985 ea
2422 1940 2563 1985 cum

355 2041 428 2084 re
460 2023 796 2087 coniuncta
826 2033 990 2101 sunt,
1035 2044 1111 2088 ea
1155 2044 1290 2088 non
1338 2045 1412 2087 ex
1446 2026 1717 2087 veritate
1746 2025 1842 2087 rei
1869 2043 2079 2109 neque
2108 2044 2186 2088 ex
2217 2044 2332 2088 sua
2364 2026 2563 2108 ipsius

353 2129 667 2191 sententia
712 2128 1141 2203 ratiocinatur,
1186 2126 1301 2192 sed
1349 2146 1424 2191 ex
1467 2128 1785 2191 sententia
1831 2146 2075 2205 eorum,
2120 2146 2388 2213 quorum
2412 2125 2564 2213 ‘pla—

357 2232 482 2293 cita
530 2233 857 2296 examinat.
932 2230 1031 2297 Ad
1078 2228 1452 2297 solvendam
1499 2252 1575 2296 ex
1607 2230 1969 2296 Aristotelis
2013 2235 2328 2297 sententia
2372 2252 2563 2318 quae-

355 2334 628 2398 stionem
676 2334 755 2399 cf.
801 2334 967 2400 ΓΞ.
1015 2337 1143 2402 12
1189 2348 1255 2401 et
1299 2335 1490 2401 adB
1532 2337 1597 2402 3.
1643 2337 1943 2402 metm.

490 2440 702 2504 mola
741 2441 823 2504 ll
869 2437 971 2516 ὡς
1013 2435 1266 2522 οὔσης
1307 2443 1451 2520 τῆς
1498 2436 1791 2516 οὐσίας
1846 2431 2047 2506 αὐτὸ
2089 2432 2178 2504 τὸ
2220 2439 2304 2504 ἓν
2348 2434 2564 2503 εἶναι

356 2542 493 2607 καὶ
542 2536 632 2609 ὅν
682 2566 775 2609 τι.
863 2543 1122 2631 Duplex
1163 2547 1331 2610 inest
1371 2548 1437 2611 in
1479 2544 1580 2610 his
1623 2543 1832 2609 verbis
1875 2541 2247 2621 diffie-ultam
2292 2545 2562 2629 primum

357 2649 524 2712 enim
563 2648 929 2734 perturbata
974 2660 1075 2715 est
1113 2652 1518 2739 grammatica
1551 2649 1890 2715 verborum
1929 2649 2371 2727 conformatio,
2414 2649 2562 2733 quie

356 2770 566 2838 neque
610 2756 1002 2819 accusativus
1047 2749 1211 2819 αὐτὰ
1253 2748 1332 2819 τὸ
1377 2751 1543 2819 εἶναι
1587 2756 1869 2819 construi
1905 2763 2125 2839 potest
2166 2774 2304 2819 cum
2349 2751 2560 2816 verbis

357 2851 445 2931 ὥς
488 2850 689 2937 οὔσης
730 2860 850 2937 τῆς
906 2855 1163 2935 οὐσίας,
1219 2877 1430 2944 neque
1487 2861 1624 2943 ipsa
1679 2858 1839 2922 haec
1892 2856 2090 2922 verba
2142 2860 2233 2924 ita
2288 2865 2562 2942 possunt

354 2980 475 3046 per
515 2962 925 3047 parenthesin
971 2964 1199 3048 accipi,
1251 2974 1323 3027 ut
1367 2964 1759 3027 accusativus
1803 2956 1966 3026 αὐτὸ
2010 2956 2089 3026 τό
2136 2963 2563 3047 coniungatur

355 3085 498 3129 cum
537 3065 752 3131 verbis
795 3059 918 3146 τὴν
962 3060 1164 3155 φύσιν
1205 3059 1390 3130 εἶναι.
1456 3064 1715 3132 Deinde
1758 3085 2119 3152 pronomen
2153 3062 2559 3132 indefinitum

352 3189 418 3231 τι
463 3168 765 3250 offendit,
812 3164 891 3236 ὄν
933 3193 1021 3247 τι,
1067 3169 1241 3256 quod
1290 3191 1479 3257 quum
1525 3170 1889 3257 frequentet
1930 3168 2311 3236 Aristoteles
2354 3167 2441 3233 ad
2476 3171 2561 3234 si*

350 3271 750 3359 gnificaudas
805 3295 908 3339 res
965 3273 1250 3362 singulas
1301 3278 1601 3360 opposita
1644 3274 1989 3340 universali
2028 3295 2247 3339 earum
2290 3275 2561 3338 notione

351 3376 476 3455 (cf.
520 3376 602 3442 ad
647 3379 716 3444 Γ
745 3377 811 3443 2.
860 3377 1062 3444 10036
1098 3380 1241 3458 33),
1293 3389 1506 3464 aptum
1553 3378 1715 3444 illud
1760 3378 2012 3464 quidem
2058 3380 2177 3444 erit
2217 3381 2285 3442 in
2328 3377 2560 3442 descri-

354 3478 568 3545 benda
610 3482 1020 3570 physicorum
1067 3483 1399 3559 sententia,
1444 3484 1552 3568 qui
1596 3482 1920 3570 singulare
1965 3479 2283 3568 quidpiam
2328 3501 2560 3567 posue-

352 3594 503 3649 ruut
546 3607 624 3649 ac
664 3586 749 3651 de
793 3607 876 3652 eo
922 3589 1175 3654 unitatis
1222 3595 1288 3651 et
1344 3589 1657 3651 essentiae
1714 3588 2042 3651 notionem
2096 3584 2559 3672 praedicarunt,

351 3702 670 3777 repugnat
714 3702 924 3757 autem
971 3691 1317 3756 Platonicis
1363 3713 1439 3754 ac
1480 3691 1909 3778 Pythagoreis
1962 3689 2229 3777 placitis.
2315 3689 2431 3753 nis
2488 3698 2561 3753 ut

352 3794 645 3860 mederer
686 3794 1168 3861 difficultatibus
1213 3793 1621 3864 scribendum
1665 3799 1979 3883 proposui
2008 3795 2172 3863 obs.
2215 3815 2283 3880 p.
2312 3795 2429 3858 42:
2472 3789 2560 3869 ὥς

223 3959 246 3990 ,
353 3893 557 3978 οὔσης
599 3902 717 3979 τῆς
761 3897 993 3977 οὐσίας
1035 3897 1403 3972 αὐτοῦτοῦ
1442 3901 1541 3966 ἑνὶ
1588 3894 1759 3965 εἶναι
1797 3901 1910 3968 καὶ
1958 3893 2133 3976 ὄντι,
2187 3917 2558 3984 quamquam

351 4023 438 4067 ne
494 4025 631 4068 eam
690 4003 943 4091 quidem
1000 4008 1370 4091 scripturam
1426 4023 1689 4090 prorsus
1745 4003 2044 4069 sufficere
2085 4001 2363 4069 libenter
2404 4022 2559 4118 con*-

351 4106 699 4280 fite‘lrilolt
724 4215 810 4279 13
852 4209 893 4279 ὅ
935 4237 1014 4279 τι
1055 4233 1415 4301 pronomen
1451 4212 1898 4302 interrogandi
1939 4234 2097 4292 esse,
2140 4229 2262 4276 uec
2292 4211 2558 4275 coniun-

355 4318 500 4382 ctim
560 4337 700 4392 esse
755 4315 1161 4384 scribendum
1219 4337 1359 4383 cum
1423 4317 1779 4386 editoribus
1844 4329 2099 4404 praeter
2153 4312 2556 4379 Brundisium

355 4423 648 4490 omnibus
692 4433 767 4488 ut
805 4442 926 4510 pro
971 4426 1425 4489 coniunctione
1470 4423 1790 4501 habeatur,
1833 4421 2028 4486 docui
2057 4420 2219 4486 Oba.
2251 4442 2313 4505 p.
2346 4420 2433 4484 40
2458 4435 2554 4503 sq.

353 4529 704 4617 Propterea
740 4532 904 4594 enim
935 4527 1359 4618 Empedocles
1390 4531 1769 4593 sententiam
1798 4529 2215 4614 proposuisse
2244 4522 2556 4589 iudicatur

2054 4632 2116 4683 11
2132 4629 2154 4652 ⁶
