<?xml version="1.0" encoding="UTF-8"?>
<!DOCTYPE html PUBLIC "-//W3C//DTD XHTML 1.0 Transitional//EN"
    "http://www.w3.org/TR/xhtml1/DTD/xhtml1-transitional.dtd">
<html xmlns="http://www.w3.org/1999/xhtml" xml:lang="en" lang="en">
 <head>
  <title>
</title>
<meta http-equiv="Content-Type" content="text/html;charset=utf-8" />
  <meta name='ocr-system' content='tesseract 3.04.00' />
  <meta name='ocr-capabilities' content='ocr_page ocr_carea ocr_par ocr_line ocrx_word'/>
</head>
<body>
  <div class='ocr_page' id='page_1' title='image "aristotelismeta01bonigoog_0485.png"; bbox 0 0 3109 5175; ppageno 0'>
   <div class='ocr_carea' id='block_1_1' title="bbox 1169 375 2546 454">
    <p class='ocr_par' dir='ltr' id='par_1_1' title="bbox 1169 375 2546 454">
     <span class='ocr_line' id='line_1_1' title="bbox 1169 375 2546 454; baseline 0.003 -4"><span class='ocrx_word' id='word_1_1' title='bbox 1169 380 1251 450; x_wconf 84' lang='lat' dir='ltr'><strong><em>K</em></strong></span> <span class='ocrx_word' id='word_1_2' title='bbox 1291 377 1359 451; x_wconf 82' lang='lat'><strong>3.</strong></span> <span class='ocrx_word' id='word_1_3' title='bbox 1444 375 1715 451; x_wconf 81' lang='lat' dir='ltr'><strong>1061a.</strong></span> <span class='ocrx_word' id='word_1_4' title='bbox 2400 377 2546 454; x_wconf 82' lang='lat'><strong>457</strong></span> 
     </span>
    </p>
   </div>
   <div class='ocr_carea' id='block_1_2' title="bbox 337 551 2639 4588">
    <p class='ocr_par' dir='ltr' id='par_1_2' title="bbox 338 551 2550 1993">
     <span class='ocr_line' id='line_1_2' title="bbox 340 551 2548 643; baseline 0.002 -26"><span class='ocrx_word' id='word_1_5' title='bbox 340 573 504 639; x_wconf 75' lang='lat' dir='ltr'><strong>quae</strong></span> <span class='ocrx_word' id='word_1_6' title='bbox 539 551 673 619; x_wconf 79' lang='lat' dir='ltr'><strong>illic</strong></span> <span class='ocrx_word' id='word_1_7' title='bbox 708 551 878 631; x_wconf 82' lang='lat' dir='ltr'><strong>dicit,</strong></span> <span class='ocrx_word' id='word_1_8' title='bbox 919 555 1129 620; x_wconf 80' lang='lat' dir='ltr'><strong>1004a</strong></span> <span class='ocrx_word' id='word_1_9' title='bbox 1151 556 1415 633; x_wconf 79' lang='lat'><strong>9-31,</strong></span> <span class='ocrx_word' id='word_1_10' title='bbox 1464 576 1536 620; x_wconf 91' lang='lat' dir='ltr'><strong>ea</strong></span> <span class='ocrx_word' id='word_1_11' title='bbox 1578 565 1643 620; x_wconf 93' lang='lat' dir='ltr'><strong>et</strong></span> <span class='ocrx_word' id='word_1_12' title='bbox 1674 557 1874 643; x_wconf 78' lang='lat' dir='ltr'><strong>magis</strong></span> <span class='ocrx_word' id='word_1_13' title='bbox 1917 554 1998 620; x_wconf 83' lang='lat' dir='ltr'><strong>ad</strong></span> <span class='ocrx_word' id='word_1_14' title='bbox 2038 576 2170 621; x_wconf 87' lang='lat' dir='ltr'><strong>rem</strong></span> <span class='ocrx_word' id='word_1_15' title='bbox 2205 559 2548 642; x_wconf 82' lang='lat' dir='ltr'><strong>pertinent,</strong></span> 
     </span>
     <span class='ocr_line' id='line_1_3' title="bbox 342 656 2545 748; baseline 0.003 -28"><span class='ocrx_word' id='word_1_16' title='bbox 342 666 407 721; x_wconf 90' lang='lat' dir='ltr'><strong>et</strong></span> <span class='ocrx_word' id='word_1_17' title='bbox 441 656 670 723; x_wconf 86' lang='lat' dir='ltr'><strong>clarius</strong></span> <span class='ocrx_word' id='word_1_18' title='bbox 706 667 856 723; x_wconf 87' lang='lat' dir='ltr'><strong>sunt</strong></span> <span class='ocrx_word' id='word_1_19' title='bbox 889 662 1192 745; x_wconf 85' lang='lat' dir='ltr'><strong>exposita,</strong></span> <span class='ocrx_word' id='word_1_20' title='bbox 1240 682 1422 744; x_wconf 84' lang='lat' dir='ltr'><strong>quam</strong></span> <span class='ocrx_word' id='word_1_21' title='bbox 1468 681 1631 746; x_wconf 84' lang='lat' dir='ltr'><strong>quae</strong></span> <span class='ocrx_word' id='word_1_22' title='bbox 1675 660 1779 724; x_wconf 86' lang='lat' dir='ltr'><strong>hic</strong></span> <span class='ocrx_word' id='word_1_23' title='bbox 1814 658 1897 724; x_wconf 89' lang='lat' dir='ltr'><strong>de</strong></span> <span class='ocrx_word' id='word_1_24' title='bbox 1931 660 2241 748; x_wconf 76' lang='lat' dir='ltr'>singulari</span> <span class='ocrx_word' id='word_1_25' title='bbox 2278 660 2545 745; x_wconf 85' lang='lat' dir='ltr'><strong>quadam</strong></span> 
     </span>
     <span class='ocr_line' id='line_1_4' title="bbox 341 764 2545 849; baseline 0 -22"><span class='ocrx_word' id='word_1_26' title='bbox 341 764 772 846; x_wconf 84' lang='lat' dir='ltr'><strong>oppositionis</strong></span> <span class='ocrx_word' id='word_1_27' title='bbox 816 765 1070 827; x_wconf 81' lang='lat' dir='ltr'><strong>ratione</strong></span> <span class='ocrx_word' id='word_1_28' title='bbox 1114 768 1294 849; x_wconf 80' lang='lat' dir='ltr'>quasi</span> <span class='ocrx_word' id='word_1_29' title='bbox 1327 768 1394 829; x_wconf 92' lang='lat' dir='ltr'><strong>in</strong></span> <span class='ocrx_word' id='word_1_30' title='bbox 1431 767 1699 830; x_wconf 86' lang='lat' dir='ltr'><strong>transitu</strong></span> <span class='ocrx_word' id='word_1_31' title='bbox 1733 774 1967 841; x_wconf 85' lang='lat' dir='ltr'><strong>monet,</strong></span> <span class='ocrx_word' id='word_1_32' title='bbox 2016 765 2223 828; x_wconf 73' lang='lat'>1061«</span> <span class='ocrx_word' id='word_1_33' title='bbox 2250 765 2545 829; x_wconf 76' lang='lat'><strong>19—27.</strong></span> 
     </span>
     <span class='ocr_line' id='line_1_5' title="bbox 344 863 2546 954; baseline 0.001 -24"><span class='ocrx_word' id='word_1_34' title='bbox 344 863 485 930; x_wconf 82' lang='lat' dir='ltr'><strong>Alia</strong></span> <span class='ocrx_word' id='word_1_35' title='bbox 529 864 666 930; x_wconf 86' lang='lat' dir='ltr'><strong>illic</strong></span> <span class='ocrx_word' id='word_1_36' title='bbox 708 863 942 944; x_wconf 85' lang='lat' dir='ltr'><strong>addita,</strong></span> <span class='ocrx_word' id='word_1_37' title='bbox 984 865 1090 931; x_wconf 85' lang='lat' dir='ltr'><strong>hic</strong></span> <span class='ocrx_word' id='word_1_38' title='bbox 1132 866 1326 954; x_wconf 86' lang='lat' dir='ltr'><strong>plane</strong></span> <span class='ocrx_word' id='word_1_39' title='bbox 1370 871 1602 933; x_wconf 89' lang='lat' dir='ltr'><strong>omissa</strong></span> <span class='ocrx_word' id='word_1_40' title='bbox 1640 878 1807 946; x_wconf 89' lang='lat' dir='ltr'><strong>sunt,</strong></span> <span class='ocrx_word' id='word_1_41' title='bbox 1846 865 2047 933; x_wconf 79' lang='lat' dir='ltr'><strong>veluti</strong></span> <span class='ocrx_word' id='word_1_42' title='bbox 2084 864 2166 930; x_wconf 91' lang='lat' dir='ltr'><strong>de</strong></span> <span class='ocrx_word' id='word_1_43' title='bbox 2202 865 2546 933; x_wconf 85' lang='lat' dir='ltr'><strong>dividenda</strong></span> 
     </span>
     <span class='ocr_line' id='line_1_6' title="bbox 339 968 2547 1058; baseline 0.001 -25"><span class='ocrx_word' id='word_1_44' title='bbox 339 971 408 1033; x_wconf 91' lang='lat' dir='ltr'><strong>in</strong></span> <span class='ocrx_word' id='word_1_45' title='bbox 465 968 748 1057; x_wconf 80' lang='lat' dir='ltr'><strong>singulas</strong></span> <span class='ocrx_word' id='word_1_46' title='bbox 807 969 1171 1057; x_wconf 84' lang='lat' dir='ltr'><strong>disciplinas</strong></span> <span class='ocrx_word' id='word_1_47' title='bbox 1229 971 1637 1058; x_wconf 80' lang='lat' dir='ltr'>philosophia</span> <span class='ocrx_word' id='word_1_48' title='bbox 1691 971 2036 1037; x_wconf 89' lang='lat' dir='ltr'><strong>secundum</strong></span> <span class='ocrx_word' id='word_1_49' title='bbox 2084 970 2337 1035; x_wconf 85' lang='lat' dir='ltr'><strong>diversa</strong></span> <span class='ocrx_word' id='word_1_50' title='bbox 2384 972 2547 1035; x_wconf 88' lang='lat' dir='ltr'><strong>entis</strong></span> 
     </span>
     <span class='ocr_line' id='line_1_7' title="bbox 340 1072 2548 1161; baseline 0.002 -25"><span class='ocrx_word' id='word_1_51' title='bbox 340 1093 597 1160; x_wconf 77' lang='lat' dir='ltr'><strong>genera,</strong></span> <span class='ocrx_word' id='word_1_52' title='bbox 644 1072 854 1138; x_wconf 73' lang='lat'>1004«</span> <span class='ocrx_word' id='word_1_53' title='bbox 883 1075 925 1138; x_wconf 89' lang='lat'><strong>3</strong></span> <span class='ocrx_word' id='word_1_54' title='bbox 967 1095 1103 1160; x_wconf 87' lang='lat' dir='ltr'><strong>sqq.</strong></span> <span class='ocrx_word' id='word_1_55' title='bbox 1195 1073 1377 1156; x_wconf 86' lang='lat' dir='ltr'><strong>(Alia</strong></span> <span class='ocrx_word' id='word_1_56' title='bbox 1425 1084 1754 1161; x_wconf 85' lang='lat' dir='ltr'><strong>praeterea</strong></span> <span class='ocrx_word' id='word_1_57' title='bbox 1801 1079 2127 1160; x_wconf 87' lang='lat' dir='ltr'><strong>utriusque</strong></span> <span class='ocrx_word' id='word_1_58' title='bbox 2173 1073 2548 1161; x_wconf 88' lang='lat' dir='ltr'><strong>disputatio-</strong></span> 
     </span>
     <span class='ocr_line' id='line_1_8' title="bbox 339 1175 2547 1265; baseline 0.001 -25"><span class='ocrx_word' id='word_1_59' title='bbox 339 1178 442 1241; x_wconf 87' lang='lat' dir='ltr'><strong>nis</strong></span> <span class='ocrx_word' id='word_1_60' title='bbox 490 1175 844 1242; x_wconf 87' lang='lat' dir='ltr'><strong>discrimina</strong></span> <span class='ocrx_word' id='word_1_61' title='bbox 887 1188 1179 1243; x_wconf 84' lang='lat' dir='ltr'><strong>accurate</strong></span> <span class='ocrx_word' id='word_1_62' title='bbox 1222 1181 1628 1265; x_wconf 81' lang='lat' dir='ltr'><strong>persequitur</strong></span> <span class='ocrx_word' id='word_1_63' title='bbox 1655 1178 1925 1245; x_wconf 86' lang='lat' dir='ltr'><strong>Brandis</strong></span> <span class='ocrx_word' id='word_1_64' title='bbox 1958 1178 2065 1243; x_wconf 85' lang='lat'><strong>1.1.</strong></span> <span class='ocrx_word' id='word_1_65' title='bbox 2097 1202 2160 1265; x_wconf 90' lang='lat' dir='ltr'><strong>p.</strong></span> <span class='ocrx_word' id='word_1_66' title='bbox 2184 1182 2288 1257; x_wconf 83' lang='lat'><strong>69,</strong></span> <span class='ocrx_word' id='word_1_67' title='bbox 2335 1201 2547 1264; x_wconf 87' lang='lat' dir='ltr'><strong>quam-</strong></span> 
     </span>
     <span class='ocr_line' id='line_1_9' title="bbox 340 1279 2548 1367; baseline 0.002 -24"><span class='ocrx_word' id='word_1_68' title='bbox 340 1301 526 1365; x_wconf 84' lang='lat' dir='ltr'><strong>quam</strong></span> <span class='ocrx_word' id='word_1_69' title='bbox 564 1283 638 1343; x_wconf 87' lang='lat' dir='ltr'><strong>-is</strong></span> <span class='ocrx_word' id='word_1_70' title='bbox 698 1279 1045 1347; x_wconf 86' lang='lat' dir='ltr'><strong>levioribus</strong></span> <span class='ocrx_word' id='word_1_71' title='bbox 1110 1282 1483 1367; x_wconf 81' lang='lat' dir='ltr'><strong>quibusdam</strong></span> <span class='ocrx_word' id='word_1_72' title='bbox 1553 1280 1746 1347; x_wconf 88' lang='lat' dir='ltr'><strong>rebus</strong></span> <span class='ocrx_word' id='word_1_73' title='bbox 1812 1285 2071 1348; x_wconf 87' lang='lat' dir='ltr'><strong>nimium</strong></span> <span class='ocrx_word' id='word_1_74' title='bbox 2130 1281 2382 1347; x_wconf 86' lang='lat' dir='ltr'><strong>videtur</strong></span> <span class='ocrx_word' id='word_1_75' title='bbox 2438 1285 2548 1347; x_wconf 85' lang='lat' dir='ltr'><strong>tri·</strong></span> 
     </span>
     <span class='ocr_line' id='line_1_10' title="bbox 341 1382 2550 1464; baseline 0.001 -16"><span class='ocrx_word' id='word_1_76' title='bbox 341 1382 598 1464; x_wconf 85' lang='lat' dir='ltr'><strong>buere.)</strong></span> <span class='ocrx_word' id='word_1_77' title='bbox 674 1383 804 1450; x_wconf 86' lang='lat' dir='ltr'><strong>Sed</strong></span> <span class='ocrx_word' id='word_1_78' title='bbox 851 1389 1113 1451; x_wconf 81' lang='lat' dir='ltr'><strong>omnino</strong></span> <span class='ocrx_word' id='word_1_79' title='bbox 1161 1386 1381 1451; x_wconf 85' lang='lat' dir='ltr'><strong>eadem</strong></span> <span class='ocrx_word' id='word_1_80' title='bbox 1429 1386 1566 1450; x_wconf 78' lang='lat' dir='ltr'><strong>fere</strong></span> <span class='ocrx_word' id='word_1_81' title='bbox 1610 1389 2103 1451; x_wconf 81' lang='lat' dir='ltr'><strong>ratiocinatione</strong></span> <span class='ocrx_word' id='word_1_82' title='bbox 2148 1407 2303 1451; x_wconf 85' lang='lat' dir='ltr'><strong>usus</strong></span> <span class='ocrx_word' id='word_1_83' title='bbox 2343 1396 2408 1450; x_wconf 89' lang='lat' dir='ltr'><strong>et</strong></span> <span class='ocrx_word' id='word_1_84' title='bbox 2445 1385 2550 1450; x_wconf 83' lang='lat' dir='ltr'><strong>hic</strong></span> 
     </span>
     <span class='ocr_line' id='line_1_11' title="bbox 343 1486 2548 1576; baseline 0.001 -25"><span class='ocrx_word' id='word_1_85' title='bbox 343 1497 408 1552; x_wconf 89' lang='lat' dir='ltr'><strong>et</strong></span> <span class='ocrx_word' id='word_1_86' title='bbox 451 1487 587 1552; x_wconf 85' lang='lat' dir='ltr'><strong>illic</strong></span> <span class='ocrx_word' id='word_1_87' title='bbox 627 1486 786 1552; x_wconf 90' lang='lat' dir='ltr'><strong>duas</strong></span> <span class='ocrx_word' id='word_1_88' title='bbox 831 1489 1027 1555; x_wconf 82' lang='lat' dir='ltr'><strong>solvit</strong></span> <span class='ocrx_word' id='word_1_89' title='bbox 1066 1487 1370 1576; x_wconf 78' lang='grc' dir='ltr'><strong><em>ἀπορίας,</em></strong></span> <span class='ocrx_word' id='word_1_90' title='bbox 1415 1511 1572 1576; x_wconf 90' lang='lat' dir='ltr'><strong>quas</strong></span> <span class='ocrx_word' id='word_1_91' title='bbox 1612 1493 1816 1576; x_wconf 87' lang='lat' dir='ltr'><strong>primo</strong></span> <span class='ocrx_word' id='word_1_92' title='bbox 1855 1500 1920 1555; x_wconf 89' lang='lat' dir='ltr'><strong>et</strong></span> <span class='ocrx_word' id='word_1_93' title='bbox 1954 1499 2181 1576; x_wconf 89' lang='lat' dir='ltr'><strong>quarto</strong></span> <span class='ocrx_word' id='word_1_94' title='bbox 2219 1489 2369 1555; x_wconf 87' lang='lat' dir='ltr'><strong>loco</strong></span> <span class='ocrx_word' id='word_1_95' title='bbox 2402 1511 2548 1575; x_wconf 88' lang='lat' dir='ltr'><strong>pro-</strong></span> 
     </span>
     <span class='ocr_line' id='line_1_12' title="bbox 341 1592 2550 1679; baseline 0.001 -24"><span class='ocrx_word' id='word_1_96' title='bbox 341 1601 666 1677; x_wconf 85' lang='lat' dir='ltr'><strong>posuerat,</strong></span> <span class='ocrx_word' id='word_1_97' title='bbox 711 1594 921 1658; x_wconf 69' lang='lat'>10590</span> <span class='ocrx_word' id='word_1_98' title='bbox 945 1595 1249 1671; x_wconf 79' lang='grc'><strong>20-23,</strong></span> <span class='ocrx_word' id='word_1_99' title='bbox 1294 1595 1611 1670; x_wconf 77' lang='lat'><strong>29--34;</strong></span> <span class='ocrx_word' id='word_1_100' title='bbox 1656 1597 1950 1659; x_wconf 86' lang='lat' dir='ltr'><strong>nimirum</strong></span> <span class='ocrx_word' id='word_1_101' title='bbox 1989 1604 2317 1679; x_wconf 86' lang='lat' dir='ltr'><strong>utramque</strong></span> <span class='ocrx_word' id='word_1_102' title='bbox 2352 1592 2550 1658; x_wconf 86' lang='lat' dir='ltr'><strong>solvit</strong></span> 
     </span>
     <span class='ocr_line' id='line_1_13' title="bbox 339 1693 2547 1784; baseline 0.002 -25"><span class='ocrx_word' id='word_1_103' title='bbox 339 1693 830 1774; x_wconf 80' lang='lat' dir='ltr'><strong>dubitationem,</strong></span> <span class='ocrx_word' id='word_1_104' title='bbox 874 1700 1154 1784; x_wconf 82' lang='lat' dir='ltr'><strong>priorem</strong></span> <span class='ocrx_word' id='word_1_105' title='bbox 1202 1698 1406 1762; x_wconf 81' lang='grc' dir='ltr'><strong>1οδοὺ</strong></span> <span class='ocrx_word' id='word_1_106' title='bbox 1427 1700 1843 1764; x_wconf 77' lang='grc' dir='ltr'><strong>31-1061α</strong></span> <span class='ocrx_word' id='word_1_107' title='bbox 1868 1698 1984 1777; x_wconf 82' lang='grc'><strong>28,</strong></span> <span class='ocrx_word' id='word_1_108' title='bbox 2028 1696 2287 1763; x_wconf 89' lang='lat' dir='ltr'><strong>alteram</strong></span> <span class='ocrx_word' id='word_1_109' title='bbox 2335 1700 2547 1763; x_wconf 73' lang='lat' dir='ltr'><strong>mela</strong></span> 
     </span>
     <span class='ocr_line' id='line_1_14' title="bbox 339 1799 2547 1888; baseline 0.002 -25"><span class='ocrx_word' id='word_1_110' title='bbox 339 1799 685 1877; x_wconf 67' lang='lat'><strong>28—511,</strong></span> <span class='ocrx_word' id='word_1_111' title='bbox 731 1822 1104 1887; x_wconf 83' lang='lat' dir='ltr'><strong>quamquam</strong></span> <span class='ocrx_word' id='word_1_112' title='bbox 1141 1802 1260 1866; x_wconf 88' lang='lat' dir='ltr'><strong>sub</strong></span> <span class='ocrx_word' id='word_1_113' title='bbox 1297 1800 1490 1866; x_wconf 83' lang='lat' dir='ltr'><strong>finem</strong></span> <span class='ocrx_word' id='word_1_114' title='bbox 1526 1801 1993 1888; x_wconf 73' lang='lat' dir='ltr'><strong>disputationis,</strong></span> <span class='ocrx_word' id='word_1_115' title='bbox 2032 1803 2236 1867; x_wconf 73' lang='lat'>106112</span> <span class='ocrx_word' id='word_1_116' title='bbox 2262 1804 2363 1880; x_wconf 83' lang='lat'><strong>15,</strong></span> <span class='ocrx_word' id='word_1_117' title='bbox 2405 1805 2547 1888; x_wconf 85' lang='lat' dir='ltr'><strong>ipse</strong></span> 
     </span>
     <span class='ocr_line' id='line_1_15' title="bbox 338 1904 1742 1993; baseline 0.002 -27"><span class='ocrx_word' id='word_1_118' title='bbox 338 1905 615 1989; x_wconf 88' lang='lat' dir='ltr'><strong>priorem</strong></span> <span class='ocrx_word' id='word_1_119' title='bbox 662 1914 904 1968; x_wconf 84' lang='lat' dir='ltr'><strong>tantum</strong></span> <span class='ocrx_word' id='word_1_120' title='bbox 950 1927 1022 1970; x_wconf 89' lang='lat' dir='ltr'><strong>se</strong></span> <span class='ocrx_word' id='word_1_121' title='bbox 1066 1904 1337 1970; x_wconf 84' lang='lat' dir='ltr'><strong>solvisse</strong></span> <span class='ocrx_word' id='word_1_122' title='bbox 1383 1905 1742 1993; x_wconf 85' lang='lat' dir='ltr'><strong>profitetur.</strong></span> 
     </span>
    </p>

    <p class='ocr_par' dir='ltr' id='par_1_3' title="bbox 337 1997 2639 4588">
     <span class='ocr_line' id='line_1_16' title="bbox 477 1997 2547 2096; baseline 0.002 -24"><span class='ocrx_word' id='word_1_123' title='bbox 477 2009 678 2072; x_wconf 83' lang='grc' dir='ltr'><strong>106οῠ</strong></span> <span class='ocrx_word' id='word_1_124' title='bbox 708 2009 795 2073; x_wconf 84' lang='grc'><strong>33</strong></span> <span class='ocrx_word' id='word_1_125' title='bbox 841 2012 894 2073; x_wconf 76' lang='grc' dir='ltr'><strong>εὶ</strong></span> <span class='ocrx_word' id='word_1_126' title='bbox 938 2010 1058 2092; x_wconf 81' lang='grc' dir='ltr'><strong>μὲν</strong></span> <span class='ocrx_word' id='word_1_127' title='bbox 1103 1999 1240 2074; x_wconf 78' lang='grc' dir='ltr'><strong>οὖν.</strong></span> <span class='ocrx_word' id='word_1_128' title='bbox 1308 2010 1413 2074; x_wconf 88' lang='lat' dir='ltr'><strong>De</strong></span> <span class='ocrx_word' id='word_1_129' title='bbox 1459 2009 1734 2096; x_wconf 84' lang='lat' dir='ltr'><strong>apodosi</strong></span> <span class='ocrx_word' id='word_1_130' title='bbox 1771 2031 1807 2073; x_wconf 83' lang='lat' dir='ltr'><strong>a</strong></span> <span class='ocrx_word' id='word_1_131' title='bbox 1849 2018 2010 2095; x_wconf 89' lang='lat' dir='ltr'><strong>part.</strong></span> <span class='ocrx_word' id='word_1_132' title='bbox 2047 1997 2166 2074; x_wconf 77' lang='grc' dir='ltr'><strong>οὖν</strong></span> <span class='ocrx_word' id='word_1_133' title='bbox 2204 2028 2427 2073; x_wconf 83' lang='lat' dir='ltr'><strong>exorsa</strong></span> <span class='ocrx_word' id='word_1_134' title='bbox 2466 2009 2547 2076; x_wconf 87' lang='lat' dir='ltr'><strong>cf.</strong></span> 
     </span>
     <span class='ocr_line' id='line_1_17' title="bbox 340 2101 2549 2196; baseline 0.002 -22"><span class='ocrx_word' id='word_1_135' title='bbox 340 2109 422 2174; x_wconf 87' lang='lat' dir='ltr'><strong>ad</strong></span> <span class='ocrx_word' id='word_1_136' title='bbox 472 2111 540 2174; x_wconf 87' lang='lat' dir='ltr'><em>A</em></span> <span class='ocrx_word' id='word_1_137' title='bbox 577 2113 638 2175; x_wconf 88' lang='lat'><strong>3.</strong></span> <span class='ocrx_word' id='word_1_138' title='bbox 678 2112 848 2177; x_wconf 73' lang='lat'><strong>983⁰</strong></span> <span class='ocrx_word' id='word_1_139' title='bbox 880 2113 984 2177; x_wconf 83' lang='lat'><strong>33.</strong></span> <span class='ocrx_word' id='word_1_140' title='bbox 1032 2147 1117 2160; x_wconf 88' lang='lat'>—</span> <span class='ocrx_word' id='word_1_141' title='bbox 1169 2115 1378 2178; x_wconf 74' lang='lat' dir='ltr'><strong>lofila</strong></span> <span class='ocrx_word' id='word_1_142' title='bbox 1417 2116 1501 2179; x_wconf 84' lang='lat'><strong>15</strong></span> <span class='ocrx_word' id='word_1_143' title='bbox 1549 2113 1842 2179; x_wconf 73' lang='grc' dir='ltr'><strong><em>ἔστωσαν</em></strong></span> <span class='ocrx_word' id='word_1_144' title='bbox 1885 2105 2014 2196; x_wconf 76' lang='grc' dir='ltr'><strong>γὰρ</strong></span> <span class='ocrx_word' id='word_1_145' title='bbox 2060 2101 2258 2176; x_wconf 84' lang='grc' dir='ltr'><strong><em>αὗται</em></strong></span> <span class='ocrx_word' id='word_1_146' title='bbox 2298 2114 2549 2178; x_wconf 78' lang='grc' dir='ltr'><strong><em>τεθεω-</em></strong></span> 
     </span>
     <span class='ocr_line' id='line_1_18' title="bbox 340 2212 2545 2299; baseline 0.002 -21"><span class='ocrx_word' id='word_1_147' title='bbox 340 2217 635 2299; x_wconf 79' lang='grc' dir='ltr'><strong><em>ρημέναι,</em></strong></span> <span class='ocrx_word' id='word_1_148' title='bbox 680 2215 760 2278; x_wconf 80' lang='lat' dir='ltr'><strong>cf.</strong></span> <span class='ocrx_word' id='word_1_149' title='bbox 805 2214 888 2280; x_wconf 89' lang='lat' dir='ltr'><strong>ad</strong></span> <span class='ocrx_word' id='word_1_150' title='bbox 925 2216 993 2280; x_wconf 90' lang='grc' dir='ltr'><em>Γ</em></span> <span class='ocrx_word' id='word_1_151' title='bbox 1020 2217 1083 2281; x_wconf 83' lang='grc'><strong>4.</strong></span> <span class='ocrx_word' id='word_1_152' title='bbox 1123 2218 1334 2282; x_wconf 77' lang='lat' dir='ltr'><strong>1004a</strong></span> <span class='ocrx_word' id='word_1_153' title='bbox 1359 2218 1421 2281; x_wconf 80' lang='lat'><strong>2.</strong></span> <span class='ocrx_word' id='word_1_154' title='bbox 1462 2254 1542 2267; x_wconf 90' lang='lat'><strong>—</strong></span> <span class='ocrx_word' id='word_1_155' title='bbox 1595 2218 1806 2282; x_wconf 81' lang='lat' dir='ltr'><strong>1061a</strong></span> <span class='ocrx_word' id='word_1_156' title='bbox 1836 2218 1925 2280; x_wconf 85' lang='lat'><strong>20</strong></span> <span class='ocrx_word' id='word_1_157' title='bbox 1968 2216 2185 2280; x_wconf 82' lang='grc' dir='ltr'><strong><em>καίτοι</em></strong></span> <span class='ocrx_word' id='word_1_158' title='bbox 2225 2212 2289 2299; x_wconf 75' lang='grc' dir='ltr'><strong>γ’</strong></span> <span class='ocrx_word' id='word_1_159' title='bbox 2326 2255 2417 2267; x_wconf 93' lang='grc'>-</span> <span class='ocrx_word' id='word_1_160' title='bbox 2458 2219 2545 2283; x_wconf 84' lang='grc'><strong>27</strong></span> 
     </span>
     <span class='ocr_line' id='line_1_19' title="bbox 338 2312 2623 2404; baseline 0.002 -21"><span class='ocrx_word' id='word_1_161' title='bbox 338 2312 612 2401; x_wconf 71' lang='grc' dir='ltr'><strong><em>ὑπάρξει</em></strong></span> <span class='ocrx_word' id='word_1_162' title='bbox 644 2316 841 2402; x_wconf 66' lang='grc' dir='ltr'><strong>αὐτῷ.</strong></span> <span class='ocrx_word' id='word_1_163' title='bbox 917 2318 1119 2404; x_wconf 80' lang='lat' dir='ltr'><strong>Quod</strong></span> <span class='ocrx_word' id='word_1_164' title='bbox 1158 2317 1314 2385; x_wconf 88' lang='lat' dir='ltr'><strong>dicit</strong></span> <span class='ocrx_word' id='word_1_165' title='bbox 1349 2324 1518 2386; x_wconf 12' lang='lat'><strong>«192.</strong></span> <span class='ocrx_word' id='word_1_166' title='bbox 1561 2321 1819 2404; x_wconf 75' lang='grc' dir='ltr'><strong><em>λέγεται</em></strong></span> <span class='ocrx_word' id='word_1_167' title='bbox 1852 2315 1912 2383; x_wconf 85' lang='grc' dir='ltr'><strong>δ’</strong></span> <span class='ocrx_word' id='word_1_168' title='bbox 1948 2323 2294 2386; x_wconf 76' lang='grc' dir='ltr'><strong><em>ἕκαστον</em></strong></span> <span class='ocrx_word' id='word_1_169' title='bbox 2334 2318 2551 2387; x_wconf 80' lang='grc' dir='ltr'><strong><em>αὐτῶν</em></strong></span> <span class='ocrx_word' id='word_1_170' title='bbox 2618 2356 2623 2365; x_wconf 91' lang='grc'>-</span> 
     </span>
     <span class='ocr_line' id='line_1_20' title="bbox 338 2415 2550 2507; baseline 0.003 -22"><span class='ocrx_word' id='word_1_171' title='bbox 338 2415 510 2486; x_wconf 80' lang='grc' dir='ltr'><strong><em>κατὰ</em></strong></span> <span class='ocrx_word' id='word_1_172' title='bbox 547 2425 868 2507; x_wconf 69' lang='grc' dir='ltr'><strong><em>στέρησιν,</em></strong></span> <span class='ocrx_word' id='word_1_173' title='bbox 900 2444 980 2487; x_wconf 92' lang='lat' dir='ltr'><strong>eo</strong></span> <span class='ocrx_word' id='word_1_174' title='bbox 1012 2423 1227 2489; x_wconf 82' lang='lat' dir='ltr'><strong>studet</strong></span> <span class='ocrx_word' id='word_1_175' title='bbox 1256 2424 1653 2501; x_wconf 77' lang='lat' dir='ltr'><strong>confirmare,</strong></span> <span class='ocrx_word' id='word_1_176' title='bbox 1691 2433 1762 2488; x_wconf 91' lang='lat' dir='ltr'><strong>ut</strong></span> <span class='ocrx_word' id='word_1_177' title='bbox 1791 2422 2201 2501; x_wconf 79' lang='lat' dir='ltr'><strong>demonstret,</strong></span> <span class='ocrx_word' id='word_1_178' title='bbox 2237 2445 2313 2489; x_wconf 79' lang='lat' dir='ltr'><strong>ea</strong></span> <span class='ocrx_word' id='word_1_179' title='bbox 2345 2428 2550 2506; x_wconf 75' lang='lat' dir='ltr'><strong>etiam,</strong></span> 
     </span>
     <span class='ocr_line' id='line_1_21' title="bbox 340 2524 2547 2617; baseline 0.004 -27"><span class='ocrx_word' id='word_1_180' title='bbox 340 2547 508 2611; x_wconf 86' lang='lat' dir='ltr'><strong>quae</strong></span> <span class='ocrx_word' id='word_1_181' title='bbox 549 2524 885 2592; x_wconf 82' lang='lat' dir='ltr'><strong>videantur</strong></span> <span class='ocrx_word' id='word_1_182' title='bbox 927 2527 1010 2593; x_wconf 69' lang='lat' dir='ltr'><strong>ab</strong></span> <span class='ocrx_word' id='word_1_183' title='bbox 1056 2528 1178 2593; x_wconf 82' lang='lat' dir='ltr'><strong>hac</strong></span> <span class='ocrx_word' id='word_1_184' title='bbox 1216 2527 1362 2617; x_wconf 82' lang='lat' dir='ltr'><strong>lege</strong></span> <span class='ocrx_word' id='word_1_185' title='bbox 1405 2527 1728 2607; x_wconf 78' lang='lat' dir='ltr'><strong>recedere,</strong></span> <span class='ocrx_word' id='word_1_186' title='bbox 1772 2527 1854 2594; x_wconf 76' lang='lat' dir='ltr'><strong>ad</strong></span> <span class='ocrx_word' id='word_1_187' title='bbox 1896 2548 2031 2593; x_wconf 85' lang='lat' dir='ltr'><strong>eam</strong></span> <span class='ocrx_word' id='word_1_188' title='bbox 2071 2527 2297 2595; x_wconf 73' lang='lat' dir='ltr'><strong>referri</strong></span> <span class='ocrx_word' id='word_1_189' title='bbox 2334 2551 2547 2617; x_wconf 84' lang='lat' dir='ltr'><strong>posse.</strong></span> 
     </span>
     <span class='ocr_line' id='line_1_22' title="bbox 337 2630 2552 2721; baseline 0.003 -27"><span class='ocrx_word' id='word_1_190' title='bbox 337 2630 651 2695; x_wconf 79' lang='lat' dir='ltr'><strong>Nimirum</strong></span> <span class='ocrx_word' id='word_1_191' title='bbox 696 2643 846 2696; x_wconf 79' lang='lat' dir='ltr'><strong>sunt</strong></span> <span class='ocrx_word' id='word_1_192' title='bbox 888 2632 1198 2718; x_wconf 80' lang='lat' dir='ltr'><strong>quaedam</strong></span> <span class='ocrx_word' id='word_1_193' title='bbox 1243 2636 1592 2711; x_wconf 86' lang='lat' dir='ltr'><strong>contraria,</strong></span> <span class='ocrx_word' id='word_1_194' title='bbox 1634 2636 1802 2698; x_wconf 87' lang='lat' dir='ltr'><strong>inter</strong></span> <span class='ocrx_word' id='word_1_195' title='bbox 1846 2651 2009 2718; x_wconf 84' lang='lat' dir='ltr'><strong>quae</strong></span> <span class='ocrx_word' id='word_1_196' title='bbox 2052 2631 2327 2702; x_wconf 88' lang='lat' dir='ltr'><strong>medium</strong></span> <span class='ocrx_word' id='word_1_197' title='bbox 2373 2634 2552 2721; x_wconf 89' lang='lat' dir='ltr'><strong>quid-</strong></span> 
     </span>
     <span class='ocr_line' id='line_1_23' title="bbox 339 2733 2552 2820; baseline 0.003 -23"><span class='ocrx_word' id='word_1_198' title='bbox 339 2736 508 2820; x_wconf 85' lang='lat' dir='ltr'><strong>piam</strong></span> <span class='ocrx_word' id='word_1_199' title='bbox 549 2734 914 2813; x_wconf 86' lang='lat' dir='ltr'><strong>intercedit,</strong></span> <span class='ocrx_word' id='word_1_200' title='bbox 968 2736 1173 2801; x_wconf 83' lang='lat' dir='ltr'><strong>veluti</strong></span> <span class='ocrx_word' id='word_1_201' title='bbox 1217 2740 1537 2802; x_wconf 84' lang='lat' dir='ltr'><strong>contraria</strong></span> <span class='ocrx_word' id='word_1_202' title='bbox 1582 2739 1750 2802; x_wconf 88' lang='lat' dir='ltr'><strong>inter</strong></span> <span class='ocrx_word' id='word_1_203' title='bbox 1794 2756 1865 2800; x_wconf 89' lang='lat' dir='ltr'><strong>se</strong></span> <span class='ocrx_word' id='word_1_204' title='bbox 1910 2744 2060 2801; x_wconf 89' lang='lat' dir='ltr'><strong>sunt</strong></span> <span class='ocrx_word' id='word_1_205' title='bbox 2102 2733 2140 2801; x_wconf 94' lang='lat'><em>6</em></span> <span class='ocrx_word' id='word_1_206' title='bbox 2187 2738 2441 2815; x_wconf 78' lang='grc' dir='ltr'><strong><em>δίκαιος</em></strong></span> <span class='ocrx_word' id='word_1_207' title='bbox 2482 2749 2552 2804; x_wconf 87' lang='lat' dir='ltr'><strong>et</strong></span> 
     </span>
     <span class='ocr_line' id='line_1_24' title="bbox 343 2831 2551 2925; baseline 0.002 -22"><span class='ocrx_word' id='word_1_208' title='bbox 343 2833 380 2903; x_wconf 99' lang='lat'><em>6</em></span> <span class='ocrx_word' id='word_1_209' title='bbox 427 2831 681 2917; x_wconf 75' lang='grc' dir='ltr'><strong><em>ἄδικος,</em></strong></span> <span class='ocrx_word' id='word_1_210' title='bbox 740 2838 1015 2905; x_wconf 86' lang='lat' dir='ltr'><strong>medium</strong></span> <span class='ocrx_word' id='word_1_211' title='bbox 1072 2842 1240 2905; x_wconf 88' lang='lat' dir='ltr'><strong>inter</strong></span> <span class='ocrx_word' id='word_1_212' title='bbox 1286 2851 1621 2925; x_wconf 86' lang='lat' dir='ltr'><strong>utrumque</strong></span> <span class='ocrx_word' id='word_1_213' title='bbox 1666 2838 1877 2904; x_wconf 88' lang='lat' dir='ltr'><strong>locum</strong></span> <span class='ocrx_word' id='word_1_214' title='bbox 1923 2838 2118 2904; x_wconf 86' lang='lat' dir='ltr'><strong>habet</strong></span> <span class='ocrx_word' id='word_1_215' title='bbox 2160 2836 2198 2905; x_wconf 91' lang='lat'><em>6</em></span> <span class='ocrx_word' id='word_1_216' title='bbox 2241 2837 2406 2924; x_wconf 78' lang='grc' dir='ltr'><strong><em>μήτε</em></strong></span> <span class='ocrx_word' id='word_1_217' title='bbox 2449 2842 2551 2907; x_wconf 72' lang='grc' dir='ltr'><strong>δί-</strong></span> 
     </span>
     <span class='ocr_line' id='line_1_25' title="bbox 338 2935 2550 3028; baseline 0.002 -22"><span class='ocrx_word' id='word_1_218' title='bbox 338 2963 527 3019; x_wconf 76' lang='grc' dir='ltr'><strong><em>καιος</em></strong></span> <span class='ocrx_word' id='word_1_219' title='bbox 567 2937 729 3026; x_wconf 78' lang='grc' dir='ltr'><strong><em>μήτε</em></strong></span> <span class='ocrx_word' id='word_1_220' title='bbox 776 2935 1018 3019; x_wconf 78' lang='grc' dir='ltr'><strong>ἄδικος.</strong></span> <span class='ocrx_word' id='word_1_221' title='bbox 1096 2944 1182 3008; x_wconf 85' lang='lat' dir='ltr'><strong>Et</strong></span> <span class='ocrx_word' id='word_1_222' title='bbox 1227 2940 1263 3008; x_wconf 95' lang='lat'><em>6</em></span> <span class='ocrx_word' id='word_1_223' title='bbox 1313 2937 1540 3019; x_wconf 76' lang='grc' dir='ltr'><strong><em>ἄδικος</em></strong></span> <span class='ocrx_word' id='word_1_224' title='bbox 1583 2941 1834 3028; x_wconf 88' lang='lat' dir='ltr'><strong>quidem</strong></span> <span class='ocrx_word' id='word_1_225' title='bbox 1880 2944 2219 3008; x_wconf 79' lang='lat' dir='ltr'><strong>manifesto</strong></span> <span class='ocrx_word' id='word_1_226' title='bbox 2268 2954 2367 3010; x_wconf 90' lang='lat' dir='ltr'><strong>est</strong></span> <span class='ocrx_word' id='word_1_227' title='bbox 2404 2947 2550 3012; x_wconf 75' lang='grc' dir='ltr'><strong><em>στέ-</em></strong></span> 
     </span>
     <span class='ocr_line' id='line_1_26' title="bbox 340 3045 2549 3135; baseline 0.002 -25"><span class='ocrx_word' id='word_1_228' title='bbox 340 3065 529 3132; x_wconf 81' lang='grc' dir='ltr'><strong><em>ρησις</em></strong></span> <span class='ocrx_word' id='word_1_229' title='bbox 573 3048 692 3111; x_wconf 79' lang='grc' dir='ltr'><strong>τοῦ</strong></span> <span class='ocrx_word' id='word_1_230' title='bbox 734 3046 1009 3126; x_wconf 73' lang='grc' dir='ltr'><strong><em>δικαίου,</em></strong></span> <span class='ocrx_word' id='word_1_231' title='bbox 1057 3058 1126 3113; x_wconf 78' lang='lat' dir='ltr'><strong>at</strong></span> <span class='ocrx_word' id='word_1_232' title='bbox 1168 3047 1282 3112; x_wconf 90' lang='lat' dir='ltr'><strong>ille</strong></span> <span class='ocrx_word' id='word_1_233' title='bbox 1323 3047 1574 3113; x_wconf 86' lang='lat' dir='ltr'><strong>medius</strong></span> <span class='ocrx_word' id='word_1_234' title='bbox 1620 3049 1759 3113; x_wconf 86' lang='lat' dir='ltr'><strong>iure</strong></span> <span class='ocrx_word' id='word_1_235' title='bbox 1805 3045 2059 3114; x_wconf 85' lang='lat' dir='ltr'><strong>dubites</strong></span> <span class='ocrx_word' id='word_1_236' title='bbox 2102 3067 2252 3114; x_wconf 83' lang='lat' dir='ltr'><strong>uum</strong></span> <span class='ocrx_word' id='word_1_237' title='bbox 2299 3058 2366 3113; x_wconf 91' lang='lat' dir='ltr'><strong>et</strong></span> <span class='ocrx_word' id='word_1_238' title='bbox 2408 3050 2549 3135; x_wconf 90' lang='lat' dir='ltr'><strong>ipse</strong></span> 
     </span>
     <span class='ocr_line' id='line_1_27' title="bbox 341 3144 2553 3236; baseline 0.001 -21"><span class='ocrx_word' id='word_1_239' title='bbox 341 3148 590 3215; x_wconf 81' lang='lat' dir='ltr'><strong>dicatur</strong></span> <span class='ocrx_word' id='word_1_240' title='bbox 619 3144 789 3214; x_wconf 75' lang='grc' dir='ltr'><strong><em>κατὰ</em></strong></span> <span class='ocrx_word' id='word_1_241' title='bbox 825 3153 1129 3236; x_wconf 75' lang='grc' dir='ltr'><strong><em>στέρησιν</em></strong></span> <span class='ocrx_word' id='word_1_242' title='bbox 1161 3153 1316 3216; x_wconf 69' lang='lat'><strong>021.</strong></span> <span class='ocrx_word' id='word_1_243' title='bbox 1383 3150 1515 3217; x_wconf 91' lang='lat' dir='ltr'><strong>Sed</strong></span> <span class='ocrx_word' id='word_1_244' title='bbox 1544 3151 1730 3218; x_wconf 88' lang='lat' dir='ltr'><strong>huius</strong></span> <span class='ocrx_word' id='word_1_245' title='bbox 1762 3153 1951 3218; x_wconf 79' lang='lat' dir='ltr'><strong>etiam</strong></span> <span class='ocrx_word' id='word_1_246' title='bbox 1977 3154 2047 3216; x_wconf 89' lang='lat' dir='ltr'><strong>in</strong></span> <span class='ocrx_word' id='word_1_247' title='bbox 2074 3154 2349 3218; x_wconf 88' lang='lat' dir='ltr'><strong>notione</strong></span> <span class='ocrx_word' id='word_1_248' title='bbox 2374 3154 2553 3218; x_wconf 88' lang='lat' dir='ltr'><strong>cerni</strong></span> 
     </span>
     <span class='ocr_line' id='line_1_28' title="bbox 339 3254 2639 3343; baseline 0.002 -25"><span class='ocrx_word' id='word_1_249' title='bbox 339 3256 764 3341; x_wconf 78' lang='lat' dir='ltr'><strong>privationem</strong></span> <span class='ocrx_word' id='word_1_250' title='bbox 810 3264 1105 3341; x_wconf 76' lang='lat' dir='ltr'><strong>apparet,</strong></span> <span class='ocrx_word' id='word_1_251' title='bbox 1161 3254 1496 3326; x_wconf 79' lang='lat' dir='ltr'><strong>modone</strong></span> <span class='ocrx_word' id='word_1_252' title='bbox 1541 3275 1681 3320; x_wconf 86' lang='lat' dir='ltr'><strong>eam</strong></span> <span class='ocrx_word' id='word_1_253' title='bbox 1726 3254 1928 3323; x_wconf 83' lang='lat' dir='ltr'><strong>solam</strong></span> <span class='ocrx_word' id='word_1_254' title='bbox 1973 3256 2202 3322; x_wconf 86' lang='lat' dir='ltr'><strong>dixeris</strong></span> <span class='ocrx_word' id='word_1_255' title='bbox 2246 3259 2553 3343; x_wconf 85' lang='lat' dir='ltr'><strong>privatio·-</strong></span> <span class='ocrx_word' id='word_1_256' title='bbox 2632 3259 2639 3263; x_wconf 49' lang='lat'>⁴</span> 
     </span>
     <span class='ocr_line' id='line_1_29' title="bbox 339 3356 2553 3446; baseline 0.002 -24"><span class='ocrx_word' id='word_1_257' title='bbox 339 3378 517 3435; x_wconf 88' lang='lat' dir='ltr'><strong>nem,</strong></span> <span class='ocrx_word' id='word_1_258' title='bbox 562 3375 686 3443; x_wconf 85' lang='lat' dir='ltr'><strong>qua</strong></span> <span class='ocrx_word' id='word_1_259' title='bbox 732 3361 1025 3423; x_wconf 77' lang='lat' dir='ltr'><strong>universa</strong></span> <span class='ocrx_word' id='word_1_260' title='bbox 1071 3360 1254 3422; x_wconf 87' lang='lat' dir='ltr'><strong>notio</strong></span> <span class='ocrx_word' id='word_1_261' title='bbox 1300 3368 1607 3445; x_wconf 81' lang='lat' dir='ltr'><strong>negatur,</strong></span> <span class='ocrx_word' id='word_1_262' title='bbox 1649 3356 1767 3424; x_wconf 88' lang='lat' dir='ltr'><strong>sed</strong></span> <span class='ocrx_word' id='word_1_263' title='bbox 1811 3362 1998 3426; x_wconf 84' lang='lat' dir='ltr'><strong>etiam</strong></span> <span class='ocrx_word' id='word_1_264' title='bbox 2045 3381 2210 3437; x_wconf 87' lang='lat' dir='ltr'><strong>eam,</strong></span> <span class='ocrx_word' id='word_1_265' title='bbox 2257 3383 2379 3446; x_wconf 88' lang='lat' dir='ltr'><strong>qua</strong></span> <span class='ocrx_word' id='word_1_266' title='bbox 2423 3382 2553 3427; x_wconf 80' lang='lat' dir='ltr'><strong>una</strong></span> 
     </span>
     <span class='ocr_line' id='line_1_30' title="bbox 339 3459 2554 3549; baseline 0.002 -24"><span class='ocrx_word' id='word_1_267' title='bbox 339 3461 449 3526; x_wconf 82' lang='lat' dir='ltr'><strong>vel</strong></span> <span class='ocrx_word' id='word_1_268' title='bbox 494 3461 692 3526; x_wconf 75' lang='lat' dir='ltr'><strong>altera</strong></span> <span class='ocrx_word' id='word_1_269' title='bbox 736 3472 894 3526; x_wconf 85' lang='lat' dir='ltr'><strong>nota</strong></span> <span class='ocrx_word' id='word_1_270' title='bbox 936 3459 1242 3548; x_wconf 83' lang='lat' dir='ltr'><strong>specifica</strong></span> <span class='ocrx_word' id='word_1_271' title='bbox 1286 3463 1572 3528; x_wconf 88' lang='lat' dir='ltr'><strong>notionis</strong></span> <span class='ocrx_word' id='word_1_272' title='bbox 1619 3460 1895 3541; x_wconf 85' lang='lat' dir='ltr'><strong>tollitur,</strong></span> <span class='ocrx_word' id='word_1_273' title='bbox 1947 3465 2251 3547; x_wconf 74' lang='grc' dir='ltr'><strong><em>στέρησιν</em></strong></span> <span class='ocrx_word' id='word_1_274' title='bbox 2293 3459 2387 3549; x_wconf 79' lang='grc' dir='ltr'><strong>μὴ</strong></span> <span class='ocrx_word' id='word_1_275' title='bbox 2432 3466 2554 3531; x_wconf 75' lang='grc' dir='ltr'><strong>τοῦ</strong></span> 
     </span>
     <span class='ocr_line' id='line_1_31' title="bbox 343 3559 2554 3652; baseline 0.001 -23"><span class='ocrx_word' id='word_1_276' title='bbox 343 3559 504 3631; x_wconf 77' lang='grc' dir='ltr'><strong><em>ὅλου</em></strong></span> <span class='ocrx_word' id='word_1_277' title='bbox 547 3560 765 3649; x_wconf 79' lang='grc' dir='ltr'><strong><em>λόγου,</em></strong></span> <span class='ocrx_word' id='word_1_278' title='bbox 808 3567 929 3633; x_wconf 83' lang='grc' dir='ltr'><strong>τοῦ</strong></span> <span class='ocrx_word' id='word_1_279' title='bbox 971 3566 1346 3632; x_wconf 74' lang='grc' dir='ltr'><strong><em>τελευταίου</em></strong></span> <span class='ocrx_word' id='word_1_280' title='bbox 1389 3565 1458 3630; x_wconf 78' lang='grc' dir='ltr'><strong>δὲ</strong></span> <span class='ocrx_word' id='word_1_281' title='bbox 1505 3565 1733 3643; x_wconf 78' lang='grc' dir='ltr'><strong><em>εἴδους,</em></strong></span> <span class='ocrx_word' id='word_1_282' title='bbox 1774 3567 1929 3630; x_wconf 72' lang='lat'><strong>1123.</strong></span> <span class='ocrx_word' id='word_1_283' title='bbox 1999 3566 2207 3652; x_wconf 85' lang='lat' dir='ltr'><strong>Igitur</strong></span> <span class='ocrx_word' id='word_1_284' title='bbox 2250 3562 2286 3631; x_wconf 94' lang='lat'><em>6</em></span> <span class='ocrx_word' id='word_1_285' title='bbox 2325 3559 2554 3644; x_wconf 78' lang='grc' dir='ltr'><strong><em>ἄδικος</em></strong></span> 
     </span>
     <span class='ocr_line' id='line_1_32' title="bbox 344 3665 2553 3756; baseline 0.001 -23"><span class='ocrx_word' id='word_1_286' title='bbox 344 3678 444 3733; x_wconf 85' lang='lat' dir='ltr'><strong>est</strong></span> <span class='ocrx_word' id='word_1_287' title='bbox 489 3672 787 3756; x_wconf 78' lang='grc' dir='ltr'><strong><em>στέρησις</em></strong></span> <span class='ocrx_word' id='word_1_288' title='bbox 831 3671 1046 3736; x_wconf 73' lang='grc' dir='ltr'><strong><em>τελεία</em></strong></span> <span class='ocrx_word' id='word_1_289' title='bbox 1091 3671 1211 3735; x_wconf 85' lang='grc' dir='ltr'><strong>τοῦ</strong></span> <span class='ocrx_word' id='word_1_290' title='bbox 1268 3669 1555 3747; x_wconf 79' lang='grc' dir='ltr'><strong><em>δικαίου,</em></strong></span> <span class='ocrx_word' id='word_1_291' title='bbox 1614 3668 1859 3735; x_wconf 88' lang='lat' dir='ltr'><strong>medius</strong></span> <span class='ocrx_word' id='word_1_292' title='bbox 1903 3688 2062 3735; x_wconf 79' lang='lat' dir='ltr'><strong>vero</strong></span> <span class='ocrx_word' id='word_1_293' title='bbox 2105 3667 2246 3746; x_wconf 87' lang='lat' dir='ltr'><strong>ille,</strong></span> <span class='ocrx_word' id='word_1_294' title='bbox 2304 3666 2341 3735; x_wconf 95' lang='lat'><em>6</em></span> <span class='ocrx_word' id='word_1_295' title='bbox 2385 3665 2553 3754; x_wconf 73' lang='grc' dir='ltr'><strong>μήτε</strong></span> 
     </span>
     <span class='ocr_line' id='line_1_33' title="bbox 343 3767 2553 3858; baseline 0 -21"><span class='ocrx_word' id='word_1_296' title='bbox 343 3771 596 3849; x_wconf 80' lang='grc' dir='ltr'><strong><em>δίκαιος</em></strong></span> <span class='ocrx_word' id='word_1_297' title='bbox 650 3771 813 3858; x_wconf 77' lang='grc' dir='ltr'><strong>μήτε</strong></span> <span class='ocrx_word' id='word_1_298' title='bbox 873 3767 1099 3848; x_wconf 75' lang='grc' dir='ltr'><strong><em>σ”δικος</em></strong></span> <span class='ocrx_word' id='word_1_299' title='bbox 1157 3771 1438 3838; x_wconf 89' lang='lat' dir='ltr'><strong>eiusdem</strong></span> <span class='ocrx_word' id='word_1_300' title='bbox 1489 3776 1775 3838; x_wconf 84' lang='lat' dir='ltr'><strong>notionis</strong></span> <span class='ocrx_word' id='word_1_301' title='bbox 1820 3774 2119 3857; x_wconf 77' lang='grc' dir='ltr'><strong><em>στέρησις</em></strong></span> <span class='ocrx_word' id='word_1_302' title='bbox 2161 3768 2397 3852; x_wconf 77' lang='grc' dir='ltr'><strong><em>ἀτελής</em></strong></span> <span class='ocrx_word' id='word_1_303' title='bbox 2439 3783 2553 3852; x_wconf 82' lang='lat' dir='ltr'><strong>est,</strong></span> 
     </span>
     <span class='ocr_line' id='line_1_34' title="bbox 343 3875 2553 3963; baseline 0.001 -23"><span class='ocrx_word' id='word_1_304' title='bbox 343 3875 458 3940; x_wconf 88' lang='lat' dir='ltr'><strong>sed</strong></span> <span class='ocrx_word' id='word_1_305' title='bbox 503 3875 585 3940; x_wconf 85' lang='lat' dir='ltr'><strong>ad</strong></span> <span class='ocrx_word' id='word_1_306' title='bbox 631 3880 935 3963; x_wconf 79' lang='grc' dir='ltr'><strong><em>στέρησιν</em></strong></span> <span class='ocrx_word' id='word_1_307' title='bbox 977 3887 1247 3962; x_wconf 88' lang='lat' dir='ltr'><strong>utraque</strong></span> <span class='ocrx_word' id='word_1_308' title='bbox 1291 3880 1475 3943; x_wconf 89' lang='lat' dir='ltr'><strong>notio</strong></span> <span class='ocrx_word' id='word_1_309' title='bbox 1521 3877 1814 3942; x_wconf 82' lang='lat' dir='ltr'><strong>refertur.</strong></span> <span class='ocrx_word' id='word_1_310' title='bbox 1864 3913 1946 3926; x_wconf 93' lang='lat'>—</span> <span class='ocrx_word' id='word_1_311' title='bbox 2004 3877 2153 3940; x_wconf 87' lang='lat' dir='ltr'><strong>Hoc</strong></span> <span class='ocrx_word' id='word_1_312' title='bbox 2205 3875 2342 3942; x_wconf 80' lang='lat' dir='ltr'><strong>fere</strong></span> <span class='ocrx_word' id='word_1_313' title='bbox 2399 3880 2553 3962; x_wconf 70' lang='lat' dir='ltr'><strong>quin</strong></span> 
     </span>
     <span class='ocr_line' id='line_1_35' title="bbox 340 3978 2625 4067; baseline 0.001 -23"><span class='ocrx_word' id='word_1_314' title='bbox 340 3979 624 4050; x_wconf 71' lang='lat' dir='ltr'><strong>voluerit</strong></span> <span class='ocrx_word' id='word_1_315' title='bbox 665 3981 777 4045; x_wconf 87' lang='lat' dir='ltr'><strong>Ar.</strong></span> <span class='ocrx_word' id='word_1_316' title='bbox 825 3979 1069 4059; x_wconf 80' lang='lat' dir='ltr'><strong>dicere,</strong></span> <span class='ocrx_word' id='word_1_317' title='bbox 1128 4002 1263 4046; x_wconf 88' lang='lat' dir='ltr'><strong>non</strong></span> <span class='ocrx_word' id='word_1_318' title='bbox 1309 3992 1406 4047; x_wconf 88' lang='lat' dir='ltr'><strong>est</strong></span> <span class='ocrx_word' id='word_1_319' title='bbox 1450 3979 1742 4058; x_wconf 82' lang='lat' dir='ltr'><strong>dubium,</strong></span> <span class='ocrx_word' id='word_1_320' title='bbox 1793 3978 1910 4045; x_wconf 88' lang='lat' dir='ltr'><strong>sed</strong></span> <span class='ocrx_word' id='word_1_321' title='bbox 1954 4002 2175 4066; x_wconf 84' lang='lat' dir='ltr'><strong>parum</strong></span> <span class='ocrx_word' id='word_1_322' title='bbox 2220 3989 2369 4066; x_wconf 85' lang='lat' dir='ltr'><strong>apte</strong></span> <span class='ocrx_word' id='word_1_323' title='bbox 2410 3982 2554 4067; x_wconf 90' lang='lat' dir='ltr'><strong>ipse</strong></span> <span class='ocrx_word' id='word_1_324' title='bbox 2620 3991 2625 3996; x_wconf 82' lang='lat'>&#39;</span> 
     </span>
     <span class='ocr_line' id='line_1_36' title="bbox 344 4081 2550 4171; baseline 0.001 -23"><span class='ocrx_word' id='word_1_325' title='bbox 344 4081 519 4149; x_wconf 77' lang='lat' dir='ltr'><strong>dixit.</strong></span> <span class='ocrx_word' id='word_1_326' title='bbox 599 4084 851 4150; x_wconf 89' lang='lat' dir='ltr'><strong>Etenim</strong></span> <span class='ocrx_word' id='word_1_327' title='bbox 898 4087 1260 4152; x_wconf 82' lang='lat' dir='ltr'><strong>enunciatio</strong></span> <span class='ocrx_word' id='word_1_328' title='bbox 1304 4106 1442 4152; x_wconf 87' lang='lat' dir='ltr'><strong>nou</strong></span> <span class='ocrx_word' id='word_1_329' title='bbox 1486 4095 1702 4171; x_wconf 86' lang='lat' dir='ltr'><strong>potest</strong></span> <span class='ocrx_word' id='word_1_330' title='bbox 1743 4083 1929 4149; x_wconf 85' lang='lat' dir='ltr'><strong>aliter</strong></span> <span class='ocrx_word' id='word_1_331' title='bbox 1972 4084 2376 4162; x_wconf 78' lang='lat' dir='ltr'><strong>conformari,</strong></span> <span class='ocrx_word' id='word_1_332' title='bbox 2427 4087 2550 4150; x_wconf 87' lang='lat' dir='ltr'><strong>nisi</strong></span> 
     </span>
     <span class='ocr_line' id='line_1_37' title="bbox 341 4184 2555 4278; baseline 0 -27"><span class='ocrx_word' id='word_1_333' title='bbox 341 4199 416 4252; x_wconf 87' lang='lat' dir='ltr'><strong>ut</strong></span> <span class='ocrx_word' id='word_1_334' title='bbox 470 4187 792 4274; x_wconf 88' lang='lat' dir='ltr'><strong>apodosin</strong></span> <span class='ocrx_word' id='word_1_335' title='bbox 850 4189 1171 4255; x_wconf 86' lang='lat' dir='ltr'><strong>ordiamur</strong></span> <span class='ocrx_word' id='word_1_336' title='bbox 1228 4210 1265 4253; x_wconf 83' lang='lat' dir='ltr'><strong>a</strong></span> <span class='ocrx_word' id='word_1_337' title='bbox 1321 4212 1426 4254; x_wconf 77' lang='lat' dir='ltr'><strong>vv.</strong></span> <span class='ocrx_word' id='word_1_338' title='bbox 1481 4192 1633 4278; x_wconf 76' lang='grc' dir='ltr'><strong><em>περὶ</em></strong></span> <span class='ocrx_word' id='word_1_339' title='bbox 1686 4184 1909 4254; x_wconf 73' lang='grc' dir='ltr'><strong><em>πάντα</em></strong></span> <span class='ocrx_word' id='word_1_340' title='bbox 1957 4184 2041 4269; x_wconf 79' lang='grc' dir='ltr'><strong>δή</strong></span> <span class='ocrx_word' id='word_1_341' title='bbox 2084 4190 2219 4254; x_wconf 82' lang='grc' dir='ltr'><strong>κτλ.</strong></span> <span class='ocrx_word' id='word_1_342' title='bbox 2260 4189 2428 4262; x_wconf 72' lang='lat' dir='ltr'><strong>a22;</strong></span> <span class='ocrx_word' id='word_1_343' title='bbox 2488 4196 2555 4251; x_wconf 88' lang='lat' dir='ltr'><strong>at</strong></span> 
     </span>
     <span class='ocr_line' id='line_1_38' title="bbox 341 4291 2553 4380; baseline 0 -24"><span class='ocrx_word' id='word_1_344' title='bbox 341 4291 502 4356; x_wconf 78' lang='lat' dir='ltr'><strong>haec</strong></span> <span class='ocrx_word' id='word_1_345' title='bbox 545 4292 856 4379; x_wconf 86' lang='lat' dir='ltr'><strong>apodosis</strong></span> <span class='ocrx_word' id='word_1_346' title='bbox 901 4292 1076 4358; x_wconf 85' lang='lat' dir='ltr'><strong>nulla</strong></span> <span class='ocrx_word' id='word_1_347' title='bbox 1121 4295 1372 4357; x_wconf 82' lang='lat' dir='ltr'><strong>ratione</strong></span> <span class='ocrx_word' id='word_1_348' title='bbox 1413 4293 1720 4358; x_wconf 81' lang='lat' dir='ltr'><strong>cohaeret</strong></span> <span class='ocrx_word' id='word_1_349' title='bbox 1763 4316 1901 4358; x_wconf 69' lang='lat' dir='ltr'><strong>cuim</strong></span> <span class='ocrx_word' id='word_1_350' title='bbox 1946 4295 2191 4380; x_wconf 83' lang='lat' dir='ltr'><strong>protasi</strong></span> <span class='ocrx_word' id='word_1_351' title='bbox 2230 4293 2368 4356; x_wconf 73' lang='lat'><strong>⁰18</strong></span> <span class='ocrx_word' id='word_1_352' title='bbox 2413 4292 2553 4357; x_wconf 74' lang='grc' dir='ltr'><strong>ἐπεὶ</strong></span> 
     </span>
     <span class='ocr_line' id='line_1_39' title="bbox 345 4391 2554 4482; baseline -0 -23"><span class='ocrx_word' id='word_1_353' title='bbox 345 4391 403 4459; x_wconf 85' lang='grc' dir='ltr'><strong>δ’</strong></span> <span class='ocrx_word' id='word_1_354' title='bbox 444 4397 583 4461; x_wconf 70' lang='grc' dir='ltr'><strong>ἐστὶ</strong></span> <span class='ocrx_word' id='word_1_355' title='bbox 631 4433 712 4447; x_wconf 95' lang='grc'><strong>--</strong></span> <span class='ocrx_word' id='word_1_356' title='bbox 759 4398 847 4462; x_wconf 80' lang='lat'><strong>20</strong></span> <span class='ocrx_word' id='word_1_357' title='bbox 893 4399 1197 4482; x_wconf 78' lang='grc' dir='ltr'><strong><em>στέρησιν</em></strong></span> <span class='ocrx_word' id='word_1_358' title='bbox 1210 4443 1227 4474; x_wconf 94' lang='grc'><strong><em>,</em></strong></span> <span class='ocrx_word' id='word_1_359' title='bbox 1284 4396 1398 4462; x_wconf 88' lang='lat' dir='ltr'><strong>sed</strong></span> <span class='ocrx_word' id='word_1_360' title='bbox 1448 4400 1636 4462; x_wconf 87' lang='lat' dir='ltr'><strong>unice</strong></span> <span class='ocrx_word' id='word_1_361' title='bbox 1680 4398 1954 4464; x_wconf 81' lang='lat' dir='ltr'><strong>refertur</strong></span> <span class='ocrx_word' id='word_1_362' title='bbox 1998 4396 2080 4462; x_wconf 81' lang='lat' dir='ltr'><strong>ad</strong></span> <span class='ocrx_word' id='word_1_363' title='bbox 2126 4417 2260 4462; x_wconf 87' lang='lat' dir='ltr'><strong>eam</strong></span> <span class='ocrx_word' id='word_1_364' title='bbox 2310 4393 2554 4459; x_wconf 82' lang='lat' dir='ltr'><strong>dubita-</strong></span> 
     </span>
     <span class='ocr_line' id='line_1_40' title="bbox 344 4496 2551 4588; baseline 0 -25"><span class='ocrx_word' id='word_1_365' title='bbox 344 4500 605 4579; x_wconf 81' lang='lat' dir='ltr'><strong>tionem,</strong></span> <span class='ocrx_word' id='word_1_366' title='bbox 650 4522 820 4587; x_wconf 88' lang='lat' dir='ltr'><strong>quae</strong></span> <span class='ocrx_word' id='word_1_367' title='bbox 859 4499 1098 4566; x_wconf 86' lang='lat' dir='ltr'><strong>deinde</strong></span> <span class='ocrx_word' id='word_1_368' title='bbox 1134 4502 1445 4567; x_wconf 83' lang='lat' dir='ltr'><strong>succurrit</strong></span> <span class='ocrx_word' id='word_1_369' title='bbox 1486 4503 1810 4588; x_wconf 85' lang='lat' dir='ltr'><strong>scriptori:</strong></span> <span class='ocrx_word' id='word_1_370' title='bbox 1854 4502 2069 4566; x_wconf 79' lang='grc' dir='ltr'><strong><em>καίτοι</em></strong></span> <span class='ocrx_word' id='word_1_371' title='bbox 2112 4496 2175 4584; x_wconf 75' lang='grc' dir='ltr'><strong>γ’</strong></span> <span class='ocrx_word' id='word_1_372' title='bbox 2212 4499 2354 4566; x_wconf 70' lang='grc' dir='ltr'><strong><em>ἔνια</em></strong></span> <span class='ocrx_word' id='word_1_373' title='bbox 2396 4499 2551 4575; x_wconf 87' lang='grc' dir='ltr'><strong><em>κτλ.,</em></strong></span> 
     </span>
    </p>
   </div>
  </div>
 </body>
</html>
