3109 5175
1206 398 1283 468 A
1331 394 1400 468 4.
1475 391 1621 469 985
1637 418 1703 468 a.
1935 387 1944 394 ’
2465 393 2558 470 73

346 583 453 638 tur
497 575 577 640 N
609 572 671 637 4.
722 572 926 637 lomb
951 574 993 637 4
1036 593 1193 658 sqq„
1234 581 1445 637 tamen
1490 569 1644 635 illuc
1686 590 1822 635 non
1865 578 2083 656 potest
2127 570 2364 650 referri,
2409 573 2560 658 quia

347 676 437 741 ibi
481 697 617 741 non
662 680 864 765 magis
909 699 1091 762 quam
1137 676 1264 740 hoc
1306 674 1457 739 loeo
1503 672 1807 741 definitur
1847 694 1975 760 quo
2012 672 2239 739 ordine
2274 673 2436 739 alter
2472 673 2561 738 al-

350 791 555 845 terum
602 782 938 867 exceperit,
981 779 1095 845 sed
1144 782 1440 844 universe
1483 777 1650 842 hanc
1693 781 2145 865 quaestionem,
2191 787 2262 843 ut
2290 777 2558 844 alienam

352 906 387 947 a
434 904 510 947 re
555 885 905 969 proposita,
951 882 1139 947 alium
1185 885 1251 947 in
1296 881 1508 946 locum
1552 881 1870 946 transfert.

485 988 648 1052 984⁶
684 988 772 1052 32
830 987 1003 1052 ἐπεὶ
1060 988 1141 1051 δὲ
1184 987 1321 1051 καὶ
1364 982 1770 1050 τάναντία
1816 1023 1904 1035 -
1947 986 2114 1051 985ae
2160 987 2241 1050 10
2286 979 2369 1051 τὸ
2414 1009 2559 1051 κα·-
2700 935 2716 964 ¹

351 1085 517 1154 κόν.
592 1088 741 1174 Qua
783 1077 1274 1155 ratiocinatione
1319 1087 1542 1153 ductus
1584 1091 1993 1176 Anaxagoras
2038 1099 2308 1154 mentem
2356 1094 2562 1154 omnis

353 1195 789 1280 generationis
844 1197 1064 1279 posuit
1117 1195 1518 1280 principium,
1577 1192 1799 1256 eadem
1852 1189 1989 1256 fere
2035 1191 2290 1257 ductum
2337 1195 2563 1280 Empe-

354 1295 640 1375 doclem,
685 1296 962 1362 adhibita
1010 1296 1090 1362 ad
1139 1296 1715 1361 considerationem
1762 1299 2000 1382 pariter
2042 1306 2306 1361 naturae
2351 1296 2563 1361 defor-
2649 1349 2672 1368 ,

351 1403 602 1478 mitate,
669 1398 902 1486 duplex
967 1402 1263 1486 posuisse
1328 1403 1704 1487 principium
1766 1399 2141 1490 Aristoteles
2205 1399 2559 1465 arbitratur.

354 1503 727 1591 Collegisse
771 1504 898 1569 hoc
939 1505 1193 1570 videtur
1239 1504 1619 1570 Aristoteles
1665 1502 1771 1568 vel
1817 1525 1891 1567 ex
1933 1506 2011 1568 iis
2057 1503 2382 1589 epithetis,
2426 1507 2559 1590 qui-

351 1607 477 1673 bus
521 1607 950 1695 Empedocles
990 1609 1236 1675 Φιλίαν
1281 1619 1346 1674 et
1376 1611 1617 1684 Νεῖκος
1662 1605 1974 1684 describit,
2022 1629 2208 1692 quum
2254 1606 2425 1673 illam
2472 1609 2565 1674 di·

352 1715 445 1777 cit
486 1713 847 1802 ὲπίφρονα,
903 1712 1283 1797 θεμερῶπιν
1326 1735 1387 1776 v.
1440 1713 1580 1776 146.
1631 1713 1714 1775 12
1759 1711 1967 1789 Sturz,
2023 1710 2150 1775 hoc
2204 1707 2598 1796 οὐλόμενον,

351 1839 419 1880 v.
464 1818 569 1880 30.
614 1817 716 1894 51,
771 1811 1174 1900 μαινόμενον
1217 1839 1277 1880 v.
1309 1817 1370 1894 8,
1427 1810 1668 1899 λυγρόν
1709 1838 1770 1879 v.
1801 1815 1951 1893 320,
1996 1810 2315 1899 αἱματόεν
2356 1838 2416 1880 v.
2451 1818 2564 1896 -12,

350 1919 464 1984 vel
493 1919 643 1984 inde
676 1918 850 2005 quod
881 1922 1103 1984 unitati
1135 1919 1404 2006 sphaeri‚
1435 1922 1747 1982 amicitiae
1769 1921 1834 1983 vi
1862 1920 2258 1998 coniunctae,
2288 1917 2564 1985 divinam

352 2026 753 2110 potissimum
797 2034 1082 2088 naturam
1123 2022 1544 2109 Empedocles
1586 2021 1842 2087 videtur
1882 2023 2257 2107 assignasse,
2301 2021 2380 2086 cf.
2413 2022 2479 2087 Β
2503 2025 2564 2088 4.

356 2128 563 2192 1οθοὸ
595 2128 638 2192 3
683 2147 818 2213 sqq.
907 2126 1037 2192 Sed
1081 2129 1289 2192 utrum
1333 2136 1508 2190 recte
1557 2135 1623 2190 et
1666 2147 1741 2189 ex
1786 2127 1924 2209 ipsa
1970 2123 2381 2209 Empedoclis
2425 2147 2567 2191 sen-

352 2232 555 2294 tentia
587 2229 713 2294 boc
743 2228 1081 2318 collegerit
1101 2229 1498 2309 Aristoteles,
1527 2231 1665 2294 iure
1696 2229 1944 2324 dubitat
1966 2226 2236 2292 Brandis
2261 2228 2492 2294 Gesch.
2515 2230 2565 2295 1.

354 2356 423 2420 p.
471 2335 632 2408 1993
687 2331 938 2398 videtur
994 2337 1160 2398 enim
1220 2333 1475 2399 duobus
1531 2334 1628 2398 his
1678 2334 2001 2418 principiis
2052 2331 2402 2398 naturalem
2452 2354 2567 2421 po·
2709 2403 2716 2412 ,

356 2439 482 2501 tius
529 2456 712 2522 quam
756 2436 1061 2502 moralem
1110 2447 1174 2502 et
1214 2437 1472 2502 finalem
1517 2439 1645 2500 vim
1684 2433 2112 2522 Empedocles
2155 2436 2568 2524 significasse,

355 2542 446 2607 ita
493 2539 750 2626 quidem
794 2548 866 2604 ut
908 2543 1240 2628 generatio
1286 2543 1354 2606 in
1397 2540 1553 2606 duas
1593 2537 2024 2629 coniungendi
2064 2547 2129 2603 et
2163 2538 2572 2630 disiungendi

354 2648 525 2709 vires
570 2647 799 2729 partita
843 2644 962 2708 bac
1006 2648 1144 2731 ipsa
1190 2644 1533 2733 partitione
1582 2644 1946 2732 explicetur,
1988 2664 2124 2707 non
2169 2643 2418 2710 sublata
2462 2667 2569 2710 en-

361 2751 443 2813 tis
487 2745 856 2812 immutabili
903 2759 1149 2813 natura.
1184 2785 1261 2799 —-
1313 2746 1682 2835 Collegisse
1728 2758 1936 2815 autem
1981 2768 2123 2811 sese
2166 2749 2295 2813 hoc
2329 2769 2403 2814 ex
2438 2769 2571 2813 car-

359 2850 633 2916 minibus
686 2849 1098 2936 Empedoclis
1168 2872 1291 2916 neo
1359 2863 1598 2917 certum
1659 2855 1794 2917 eius
1852 2853 2281 2916 testimonium
2339 2851 2570 2917 afferre

362 2975 590 3042 posse,
647 2953 774 3018 hoc
830 2964 1006 3031 certe
1049 2953 1201 3019 loco
1248 2954 1718 3035 (confidentius
1764 2959 1929 3019 enim
1976 2954 2128 3019 alibi
2172 2954 2339 3019 idem
2385 2958 2573 3042 ponit

360 3061 436 3125 A
486 3058 589 3122 10.
638 3059 847 3122 10754
885 3058 992 3123 36.
1034 3059 1159 3139 ὂ2)
1216 3058 1534 3147 significat
1587 3059 1801 3125 verbis
1858 3064 1911 3124 si
1966 3053 2095 3144 γάρ
2151 3080 2249 3136 τις
2289 3056 2568 3125 ἀκολου-

363 3162 533 3241 θοίη
583 3197 664 3211 -
717 3159 1146 3245 Ἐμπεδοκλῆς
1179 3165 1290 3228 α4.
1335 3165 1410 3242 5,
1467 3163 1578 3228 ubi
1626 3163 1879 3251 quidem
1927 3161 2009 3227 ad
2052 3161 2248 3227 verba
2293 3161 2572 3228 ἀκολου-

362 3265 535 3344 θοίη
596 3276 663 3329 et
717 3260 1059 3349 λαμβάνοι
1104 3264 1427 3332 obiectum
1484 3261 1531 3332 ὁὶ
1576 3270 1746 3352 λέγει
1796 3267 1987 3352 'Eum
2016 3265 2428 3353 repetendum
2477 3275 2574 3330 est

364 3388 401 3432 e
448 3365 662 3432 verbis
719 3364 886 3452 πρὸς
943 3362 989 3431 ἃ
1032 3369 1407 3458 ψελλίζεται
1450 3371 1655 3455 λέγων
1703 3369 1879 3455 'Eum
1970 3370 2243 3435 Veteres
2288 3369 2574 3457 philoso-

363 3470 532 3557 phos
577 3473 757 3556 quasi
800 3481 1069 3558 propter
1110 3472 1433 3537 infantiam
1469 3478 1619 3538 artis
1656 3473 1974 3539 balbutire
2010 3472 2162 3538 alibi
2199 3477 2383 3537 etiam
2422 3495 2573 3559 que-

361 3577 528 3638 ritur
567 3573 971 3653 Aristoteles,
1018 3577 1121 3640 10.
1169 3579 1336 3642 9930:
1375 3579 1476 3656 15,
1520 3577 1800 3664 ideoque
1845 3599 2007 3662 quae
2053 3575 2447 3641 subobscure
2493 3578 2574 3640 si-

361 3676 776 3767 gnificarunt,
822 3681 987 3756 ⁶13,
1048 3700 1236 3765 quum
1295 3679 1376 3744 ad
1430 3692 1633 3746 certas
1679 3692 1744 3747 et
1787 3702 1932 3745 suas
1977 3678 2227 3765 quidem
2272 3683 2574 3746 notiones

363 3782 688 3870 redigeret
729 3781 1147 3867 (διαρθροῦν
1188 3785 1252 3848 5.
1286 3786 1449 3850 986ὸ
1473 3788 1533 3851 6.
1593 3786 1655 3851 8.
1699 3786 1867 3851 989⁶
1892 3785 1998 3850 32.
2034 3784 2180 3864 125),
2224 3805 2418 3871 saepe
2463 3784 2575 3850 ali-

363 3896 667 3972 quantum
714 3887 1079 3950 immutavit.

494 3989 665 4054 985⁴»
692 3991 778 4053 10
814 3978 1046 4055 οὗτοὶ
1075 3988 1221 4073 μὲν
1258 3980 1403 4058 οὖν
1438 4028 1521 4040 -
1553 3994 1643 4057 29
1678 3990 2273 4078 διακρίνεσθαι
2305 3986 2573 4057 πάλιν.

366 4094 517 4158 Tria
564 4113 897 4158 causarum
942 4113 1183 4182 genera
1233 4096 1492 4161 inventa
1539 4118 1680 4161 esse
1727 4118 1764 4160 a
1805 4095 2128 4161 veteribus
2174 4093 2576 4181 philosophis

364 4206 552 4261 antea
601 4199 914 4283 exposuit,
958 4201 1281 4262 materiam
1325 4201 1389 4265 3.
1434 4200 1600 4265 983ῡ
1635 4202 1698 4280 6,
1743 4221 1991 4265 causam
2035 4200 2362 4264 motricem
2405 4199 2577 4263 984·

371 4302 467 4380 18,
511 4298 768 4364 finalem
810 4301 973 4366 984⁵
1008 4302 1085 4391 8..
1146 4301 1275 4367 Sed
1320 4304 1621 4390 quoniam
1657 4301 1917 4368 finalem
1955 4304 2249 4391 principii
2289 4311 2575 4366 naturam

363 4427 398 4468 a
434 4406 869 4471 monice-non
906 4417 1337 4493 segregarunt,
1372 4409 1537 4474 98⁴⁶
1562 4409 1668 4487 20,
1714 4417 1779 4471 et
1822 4417 2042 4492 aperte
2086 4409 2413 4470 motricem
2452 4427 2577 4473 ma-

362 4512 465 4598 gis
522 4529 711 4596 quam
768 4509 1069 4576 moralem
1129 4531 1357 4577 causae
1406 4515 1535 4577 vim
1579 4520 1977 4598 spectarunt,
2033 4512 2155 4575 iam
2201 4509 2334 4575 duo
2377 4507 2574 4575 modo
