3109 5175
554 366 698 442 344
1360 369 1435 437 Ζ
1482 363 1595 438 12.
1677 363 1947 439 1038α.

556 539 732 634 «3,ωόςῆ
781 552 1008 631 utpote
1066 540 1455 607 substantiae
1514 541 1808 607 definitio
1868 551 1934 606 et
1988 562 2112 606 una
2172 552 2237 606 et
2291 542 2478 605 unius
2521 542 2618 604 rei
2662 551 2759 604 est

556 646 921 732 descriptio,
965 649 1293 731 primum
1338 644 1591 732 quidem
1637 666 1707 709 se
1751 666 1883 709 rem
1927 646 2453 732 investigaturum
2496 642 2652 708 dicit
2694 645 2756 707 in

553 751 631 814 iis
677 748 1183 826 definitionibus,
1228 770 1391 835 quae
1436 746 1787 813 dividendo
1836 759 1902 813 et
1942 746 2282 836 partiendo
2326 767 2566 835 genere
2612 766 2759 811 con-

551 850 863 931 ficiantur,
899 854 1048 918 1³28.
1124 854 1281 917 Item
1313 850 1609 915 absoluta
1642 850 2073 937 disputatione
2104 850 2307 915 addit:
2345 850 2641 916 τοσαῦτα
2673 854 2760 914 εὶ-

553 951 793 1041 ρήσθω
840 950 984 1035 τὴν
1030 952 1360 1040 πρώτην
1406 957 1617 1020 10:38⁴ae
1652 955 1756 1032 35,
1803 964 1875 1018 ut
1911 974 2053 1018 eum
2089 952 2171 1018 ad
2206 953 2395 1018 alium
2431 963 2761 1038 praeterea

553 1058 763 1124 locum
808 1059 1085 1123 lectores
1133 1059 1434 1146 delegare
1479 1068 1814 1143 appaream
1874 1066 1940 1121 et
1995 1057 2275 1122 conferri
2321 1053 2575 1142 quidem
2618 1065 2761 1142 pot-

556 1173 653 1228 est
697 1164 802 1228 13.
850 1165 1060 1228 1039α
1095 1164 1201 1227 22.
1259 1163 1346 1225 H
1386 1163 1448 1224 6.
1496 1161 1700 1225 104512
1736 1162 1843 1224 23.
1904 1159 1964 1224 Θ
2011 1162 2110 1237 10,
2156 1158 2272 1224 sed
2317 1157 2498 1224 nullo
2545 1179 2619 1223 ex
2663 1159 2761 1224 his

554 1265 716 1330 locis
758 1265 949 1351 plane
994 1264 1091 1344 id,
1149 1263 1327 1351 quod
1382 1262 1487 1326 hic
1532 1265 1850 1348 promisit,
1907 1261 2160 1328 videtur
2202 1263 2567 1348 perfecisse.
2655 1262 2761 1328 De

554 1367 971 1432 conficiendis
1030 1378 1237 1452 autem
1296 1387 1372 1432 ex
1423 1364 1739 1430 divisione
1783 1369 2038 1454 generis
2083 1364 2567 1430 definitionibus
2613 1385 2766 1429 eun-

555 1470 698 1536 dem
732 1474 798 1535 in
833 1469 1090 1536 modum
1127 1482 1316 1557 atque
1350 1471 1476 1534 hoc
1506 1468 1659 1533 loco
1692 1467 1969 1554 disputat
1998 1469 2119 1533 An.
2150 1478 2318 1555 post.
2351 1469 2430 1532 11.
2465 1469 2762 1555 Top.V1.

554 1572 638 1638 de
684 1585 845 1660 part.
893 1595 992 1639 an.
1039 1575 1069 1638 1
1113 1577 1174 1653 2,
1216 1575 1287 1650 33
1331 1573 1670 1660 peculiaris
1714 1572 2183 1664 metaphysicae
2228 1572 2641 1659 disputationi
2686 1592 2764 1636 ea

557 1689 653 1742 est
696 1680 879 1756 ratio,
924 1700 1048 1763 qua
1093 1680 1398 1742 unitatem
1445 1675 1837 1741 definitionis
1885 1674 2169 1759 explicat.

685 1781 761 1844 In
807 1779 1185 1846 definitione
1229 1779 1388 1845 nihil
1432 1781 1798 1844 continetur
1854 1776 2027 1841 aliud
2082 1780 2202 1843 nisi
2244 1799 2451 1866 genus
2495 1781 2762 1864 primum

556 1893 623 1948 et
651 1882 1066 1962 differentiae,
1104 1886 1254 1950 ⁶29.
1323 1882 1455 1948 Sed
1486 1904 1675 1968 quum
1706 1902 1911 1968 genus
1947 1882 2354 1945 coniunctum
2390 1902 2529 1945 cum
2565 1884 2762 1966 prima

555 1985 917 2052 differentia
974 1987 1082 2052 vel
1140 2009 1280 2053 cum
1339 1986 1587 2051 duabus
1637 1986 1854 2071 primis
1901 1993 1967 2049 et
2007 1987 2100 2048 sic
2140 2004 2338 2070 porro
2383 1986 2609 2049 iterum
2653 2006 2764 2072 ge·

556 2110 707 2153 nera
753 2089 1005 2168 efficiat,
1049 2089 1546 2156 differentiarum
1594 2110 1894 2153 numerus
1940 2090 2140 2152 maior
2182 2110 2263 2151 an
2305 2090 2514 2152 minor
2552 2090 2633 2152 sit
2669 2091 2765 2153 ni-

555 2190 644 2255 hil
689 2191 911 2269 refert3
957 2198 1308 2279 proximum
1352 2214 1556 2281 genus
1602 2195 1658 2256 si
1701 2194 2072 2277 respexeris,
2125 2213 2199 2257 ex
2242 2192 2371 2256 hoc
2413 2212 2655 2278 genere
2699 2201 2766 2257 et

555 2292 916 2360 differentia
954 2296 1254 2382 specifica
1293 2295 1587 2362 definitio
1626 2294 1978 2372 conficitur,
2013 2293 2172 2359 haec
2208 2298 2408 2383 igitur
2442 2294 2573 2360 duo
2608 2316 2764 2382 quo-
2810 2295 2821 2306 '

555 2396 750 2461 modo
798 2400 860 2461 iu
908 2400 1211 2463 unitatem
1257 2398 1623 2464 coalescant
1667 2400 2009 2484 quaeritur.
2082 2398 2211 2461 Iam
2244 2418 2420 2475 vero,
2465 2419 2629 2483 quae
2667 2409 2766 2464 est

553 2502 881 2587 potissima
927 2502 1368 2567 Aristotelicae
1424 2502 1874 2590 philosophiae
1931 2523 1965 2565 a
2011 2499 2341 2565 Platonica
2401 2500 2765 2588 discrepan-

554 2608 668 2684 tia,
728 2628 932 2693 genus
988 2625 1123 2670 non
1169 2615 1266 2670 est
1311 2616 1567 2692 praeter
1609 2627 1757 2671 suas
1802 2608 2000 2692 ipsius
2044 2609 2322 2691 species,
2375 2608 2496 2683 αὖ,
2553 2606 2632 2671 cf.
2681 2606 2763 2671 de

557 2729 655 2772 an.
702 2710 762 2773 11
807 2710 868 2773 3.
914 2711 1074 2774 414⁶
1095 2710 1181 2772 21
1229 2729 1382 2794 sqq„
1426 2708 1534 2773 vel
1579 2712 1633 2773 si
1678 2712 1968 2774 statuitur
2013 2728 2173 2787 esse,
2215 2719 2527 2795 tamquam
2571 2719 2764 2774 mate·

556 2814 647 2876 ria
694 2832 836 2875 esse
880 2811 1280 2876 statuendum
1327 2822 1442 2877 est.
1521 2812 1790 2893 (Genus
1836 2810 2162 2898 quomodo
2209 2815 2506 2877 materiae
2551 2812 2763 2877 locum

557 2915 850 2979 obtinere
898 2918 1003 2980 Ar.
1052 2916 1220 2980 dicat
1265 2914 1343 2982 cf.
1392 2914 1472 2979 ad
1519 2916 1577 2980 A
1617 2917 1725 2980 28.
1774 2916 1977 2980 lomb
2014 2916 2084 2991 8,
2145 2915 2228 2979 de
2272 2926 2431 3002 part.
2478 2938 2579 2980 an.
2626 2918 2656 2980 1
2698 2919 2761 2983 3.

555 3020 724 3083 643·
761 3018 868 3083 24.
945 3017 1157 3102 ,Quod
1204 3029 1411 3084 autem
1457 3022 1523 3083 in
1568 3022 1701 3105 ipsa
1747 3019 1951 3083 sonna
1994 3023 2116 3097 rei,
2173 3041 2336 3105 quae
2379 3042 2495 3106 per
2539 3019 2764 3086 defini-

557 3123 796 3185 tionem
856 3120 1263 3201 describitur,
1321 3125 1550 3186 iterum
1607 3124 1924 3186 materiam
1984 3131 2050 3185 et
2106 3121 2368 3187 formam
2418 3122 2764 3212 distinguit,

557 3222 827 3310 perinde
873 3233 968 3288 est
1011 3224 1516 3313 intelligendum,
1560 3246 1636 3289 ac
1675 3228 1728 3289 si
1767 3227 1832 3289 iu
1871 3226 2094 3302 anima,
2139 3236 2512 3312 quamquam
2552 3249 2625 3292 ea
2665 3237 2765 3292 est

555 3329 911 3412 ἐντελέχεια
969 3331 1260 3414 corporis
1318 3329 1634 3416 organici,
1692 3337 1902 3392 tamen
1959 3330 2024 3392 in
2071 3348 2146 3391 ea
2189 3331 2330 3414 ipsa
2374 3326 2652 3413 δύναμιν
2698 3341 2764 3394 et

555 3433 884 3516 ἐνέργειαν
917 3430 1264 3520 distinguit.
1342 3433 1428 3496 Et
1460 3430 1635 3518 quod
1674 3433 1776 3496 hic
1810 3429 2061 3518 quidem
2096 3452 2302 3519 genus
2335 3437 2633 3498 materiae
2669 3434 2764 3499 lo·

556 3557 695 3599 cum
740 3534 1004 3614 hahere,
1047 3535 1326 3601 ultimam
1374 3556 1529 3600 vero
1578 3535 1999 3600 differentiam
2044 3539 2243 3620 ipsam
2291 3557 2432 3603 esse
2477 3540 2573 3603 rei
2618 3537 2764 3603 sub-

556 3641 847 3703 stantiam
880 3637 1047 3718 dicit,
1083 3642 1238 3719 «⁸19,
1277 3661 1465 3725 quum
1499 3638 1656 3704 alibi
1683 3660 1887 3727 genus
1918 3641 2312 3725 potissimum
2342 3640 2533 3726 idque
2563 3644 2762 3730 magis

557 3763 741 3826 quam
786 3741 1183 3808 differentias
1229 3754 1442 3829 aptum
1491 3765 1633 3808 esse
1677 3742 1849 3808 dicat
1890 3742 1974 3807 ad
2019 3741 2449 3809 definiendum
2490 3744 2642 3831 quid
2682 3749 2764 3810 sit

557 3865 677 3922 res,
706 3845 784 3909 cf.
817 3845 900 3910 ad
930 3849 971 3912 4
1004 3858 1172 3925 extr„
1202 3857 1416 3933 potest
1446 3868 1520 3911 ea
1547 3849 1900 3910 sententiae
1927 3844 2258 3911 diversitas
2286 3846 2761 3933 quodammodo

556 3945 661 4011 vel
693 3946 852 4026 tolli,
891 3951 977 4013 ita
1009 3959 1081 4014 ut
1114 3950 1290 4015 nulla
1327 3953 1426 4030 sit,
1463 3949 1569 4014 vel
1603 3960 1775 4014 certe
1812 3954 2122 4026 excusari3
2166 3954 2397 4016 etenim
2434 3954 2763 4038 primum

557 4047 812 4135 quidem
869 4054 936 4115 in
988 4051 1364 4119 definitione
1407 4051 1777 4139 ponendum
1824 4064 1922 4118 est
1963 4075 2167 4141 genus
2213 4065 2284 4119 ut
2325 4054 2603 4118 habeant
2648 4053 2765 4118 dif-

558 4152 866 4218 ferentiae
912 4160 1012 4220 cui
1065 4157 1465 4236 inhaereant,
1524 4155 1640 4221 sed
1693 4156 2145 4242 peculiaris
2202 4161 2297 4223 rei
2353 4167 2579 4223 natura
2638 4180 2765 4222 ma-

556 4259 718 4323 xime
754 4257 970 4323 ultima
1006 4259 1367 4326 differentia
1403 4259 1761 4340 definitur.)
1825 4263 2006 4326 Hanc
2038 4265 2295 4350 generis
2331 4271 2613 4327 naturam
2651 4261 2762 4328 ubi

555 4364 623 4425 in
668 4366 907 4445 protasi
953 4367 1293 4452 proposuit
1338 4375 1401 4428 et
1442 4366 1642 4443 vocis,
1688 4375 1911 4451 utpote
1955 4369 2211 4454 generis
2256 4364 2647 4454 singularum
2694 4365 2766 4430 li-

560 4476 830 4530 terarum
876 4468 1205 4553 (στοιχεῖα
1245 4471 1354 4547 σἸ,
1400 4467 1477 4532 cf.
1528 4469 1629 4533 10.
1680 4469 1888 4536 1035«
1930 4472 2056 4552 11)
2100 4491 2263 4556 quae
2310 4491 2385 4536 ex
2430 4491 2512 4536 eo
2558 4469 2765 4536 deter-
