3109 5175
1130 398 1238 468 M
1276 393 1346 468 9.
1432 392 1618 470 1085
1632 417 1700 469 α.
2379 395 2516 471 561

311 572 431 637 hac
465 569 932 638 incertitudinis
969 591 1159 636 cansa
1193 570 1445 651 deinde,
1480 573 1940 640 ⁶32—1085a
1963 576 2022 653 7,
2063 577 2337 661 exponit,
2377 593 2525 661 φια-

308 698 448 742 rum
479 675 732 763 quidem
765 678 984 762 prima,
1026 677 1369 755 1232—37,
1418 687 1484 742 et
1528 679 1731 756 tertia,
1771 680 2040 758 σ3-7,
2085 699 2218 743 non
2258 677 2522 744 multum

311 783 481 846 inter
514 801 584 845 se
622 777 944 858 differunt,
991 778 1186 845 altera
1225 791 1451 859 autem,
1487 784 1600 860 «l,
1634 783 1696 860 2,
1742 779 1970 846 eodem
2006 779 2204 847 modo
2238 781 2522 847 discussa

311 896 409 950 est
451 888 510 951 7.
551 885 759 949 losla
790 886 1094 950 25-35.
1185 882 1401 968 Quum
1449 894 1717 971 utraque
1760 890 1997 966 unitas,
2045 890 2131 952 ait
2170 887 2524 964 bas-37,

309 1011 473 1075 quae
515 992 686 1053 inest
728 991 793 1051 in
841 987 1072 1073 dyade‚
1116 987 1507 1054 individuam
1553 1000 1840 1055 naturam
1886 1013 2030 1056 cum
2074 993 2318 1056 unitate
2351 992 2525 1076 prin·

311 1091 502 1180 cipali
548 1112 943 1157 communem
987 1092 1220 1157 habeat
1265 1114 1339 1157 ac
1385 1103 1731 1179 propterea
1778 1097 1837 1159 ei
1884 1098 2082 1183 magis
2128 1097 2210 1158 sit
2246 1103 2521 1181 cognata

309 1218 497 1282 quam
540 1198 675 1283 ipsa
723 1194 901 1281 dyas,
947 1195 1161 1282 dyade
1204 1198 1383 1282 prior
1424 1197 1683 1262 videtur
1723 1219 1883 1262 esse.
1960 1198 2092 1263 Sed
2127 1207 2370 1285 negant
2399 1198 2526 1262 hoe

310 1299 655 1379 Platonici,
713 1321 903 1385 quum
961 1298 1211 1385 quidem
1270 1320 1405 1365 non
1464 1300 1749 1390 singulas
1803 1304 2106 1380 unitates,
2164 1300 2281 1366 sed
2325 1310 2524 1365 totam

309 1403 496 1471 simul
543 1403 818 1489 dyadem
866 1424 941 1466 ex
983 1406 1312 1488 principiis
1356 1403 1500 1468 fieri
1551 1415 1837 1470 statuunt
1864 1407 1947 1486 ¹).
2040 1403 2198 1483 vel,
2257 1423 2382 1491 qua
2428 1426 2526 1468 ra·

310 1511 490 1573 tione
526 1505 776 1586 deinde,
816 1508 1082 1585 ‹13-7,
1124 1507 1389 1572 eandem
1425 1530 1557 1573 rem
1596 1512 1874 1595 exponit,
1909 1531 2100 1595 quum
2131 1507 2372 1595 singuli
2407 1530 2523 1573 nu-

308 1616 469 1678 meri
512 1634 647 1678 non
693 1620 991 1676 contactu
1026 1614 1334 1676 unitatum
1368 1609 1734 1676 coalescant
1776 1612 1898 1692 (cf.
1934 1611 2016 1677 ad
2050 1615 2108 1678 7.
2142 1613 2352 1676 108202
2376 1612 2466 1676 2⁰
2479 1616 2523 1691 ),

310 1716 425 1782 sed
471 1719 660 1782 unice
719 1736 798 1780 eo
861 1714 1113 1794 ordine,
1173 1736 1300 1802 quo
1361 1715 1667 1800 deinceps
1728 1718 2005 1782 unitates
2070 1715 2196 1781 sibi
2255 1719 2525 1781 invicem

311 1819 761 1909 adiunguntur,
805 1822 1128 1906 quaeritur
1168 1828 1379 1885 utrum
1424 1822 1775 1906 proximum
1805 1832 1958 1907 post
1983 1823 2186 1907 ipsam
2217 1823 2524 1886 unitatem

309 1924 524 1990 locum
583 1925 745 2011 dyas
800 1922 1062 2002 habeat,
1125 1945 1207 1988 an
1268 1923 1467 1989 altera
1527 1936 1670 1989 utra
1733 1945 1810 1988 ex
1865 1923 2213 1989 unitatibus
2272 1923 2522 2009 dyadis.

311 2029 538 2114 (Quae
586 2025 981 2092 emendanda
1024 2031 1242 2114 putavi
1281 2031 1346 2093 in
1382 2027 1509 2092 hoc
1545 2030 1918 2107 enunciato,
1962 2028 2056 2111 τῷ
2106 2049 2228 2114 pro
2267 2027 2400 2091 τῶν
2434 2028 2523 2094 bs

312 2142 380 2197 et
410 2130 820 2219 ὁποτεραοῢν
848 2152 966 2217 pro
999 2128 1409 2217 ὁποτερᾳοῦν
1438 2134 1547 2210 ⁶7,
1581 2140 1647 2195 et
1678 2129 2018 2196 Alexandri
2050 2134 2430 2196 auctoritate
2462 2141 2527 2197 et

311 2235 501 2314 facili,
548 2256 733 2321 quam
778 2235 930 2300 inde
974 2239 1384 2320 assequimur,
1428 2234 1890 2320 interpretandi
1923 2237 2525 2301 ratione-commen-

311 2339 691 2420 dabuntur.)
720 2379 808 2391 —
840 2337 1018 2426 Quid
1046 2338 1449 2406 statuendum
1478 2342 1562 2403 sit
1590 2337 1673 2403 de
1703 2339 1804 2403 his
1832 2337 2358 2420 dubitationibus,
2386 2343 2524 2405 iure

314 2465 423 2510 eas
454 2465 537 2509 an
566 2444 794 2511 iniuria
821 2443 925 2510 Ar.
944 2442 1314 2510 Platonicae
1341 2443 1670 2509 doctrinae
1694 2454 2004 2530 opponat,
2027 2443 2110 2509 cf.
2133 2468 2195 2532 p.
2212 2446 2344 2511 553
2367 2455 2501 2510 not.

1208 2698 1434 2803 cAP,
1501 2701 1633 2775 lx.

446 2848 534 2927 4)
581 2845 693 2912 De
727 2844 1083 2930 pampas
1115 2846 1665 2930 geometrica-um
1697 2866 1940 2926 nram,
1963 2846 2196 2913 ,losse
2221 2844 2478 2911 ἰη-ιιι.

448 2964 665 3051 Quum
708 2967 777 3029 in
821 2967 957 3051 ipsa
1005 2963 1090 3028 de
1131 2966 1411 3028 numeris
1456 2961 1750 3029 doctrina
1793 2982 2018 3048 parum
2059 2967 2226 3028 inter
2259 2983 2331 3027 se
2372 2980 2525 3027 con-

296 3073 623 3135 -sentirent
669 3068 1012 3147 Platonici,
1066 3070 1267 3156 magis
1326 3070 1511 3133 etiam
1572 3069 1638 3131 in
1695 3065 1979 3132 diversas
2029 3066 2264 3133 abiisse
2310 3074 2525 3152 partes

314 3174 629 3252 videntur,
676 3197 866 3260 quum
911 3172 976 3237 id
1021 3183 1334 3260 ageretur,
1379 3181 1453 3236 ut
1495 3193 1570 3236 ex
1613 3173 1692 3235 iis
1721 3172 2047 3257 principiis
2077 3180 2527 3258 repeterentur

312 3277 418 3343 vel
465 3289 639 3343 certe
684 3277 894 3364 aliqua
938 3278 1190 3341 ratione
1236 3297 1376 3340 cum
1420 3274 1642 3340 iisdem
1688 3276 2017 3362 principiis
2060 3277 2528 3362 coniungeren-

314 3392 419 3446 tur
463 3384 892 3469 geometricae
935 3400 1054 3459 res,
1097 3388 1334 3465 puncta
1378 3378 1589 3443 lineae
1632 3377 1826 3465 plana
1871 3378 2097 3444 solida.
2179 3378 2526 3443 suffecisse

317 3487 484 3550 enim
543 3483 667 3548 sibi
722 3482 1022 3548 videntur
1076 3484 1200 3568 ipsi
1247 3492 1313 3547 et
1353 3484 1420 3546 in
1467 3502 1548 3546 eo
1597 3485 2015 3567 acquievisse,
2074 3485 2126 3546 si
2171 3479 2527 3547 similitudi-

314 3609 464 3653 nem
521 3586 837 3673 quandam
881 3589 1049 3651 inter
1094 3588 1409 3674 originem
1452 3606 1859 3651 numerorum
1905 3594 1971 3650 et
2009 3604 2222 3649 rerum
2268 3605 2525 3673 geome-

316 3695 615 3758 tricamm
683 3690 1181 3780 significassent,
1249 3711 1384 3754 non
1453 3710 1848 3776 magnopere
1914 3687 2172 3755 solliciti
2242 3692 2526 3776 ipsamne
2567 3776 2574 3781 .

427 3849 493 3921 1)
531 3846 633 3908 ⁶32
673 3856 721 3905 εἰ
757 3853 811 3905 δὲ
846 3851 911 3904 τὸ
950 3852 999 3904 ἓν
1036 3846 1172 3904 αὐτὸ
1211 3852 1290 3903 δεῖ
1329 3848 1492 3919 μόνον
1537 3844 1795 3902 ἄθετον
1840 3841 1992 3904 εἶναι.
2063 3851 2182 3903 Non
2217 3850 2293 3917 agi
2328 3852 2390 3902 de
2428 3850 2527 3902 dis-
2621 3902 2632 3915 ‚

319 3938 522 3992 crimine
569 3940 709 4010 quod
752 3938 882 3990 inter
926 3938 991 3990 τὸ
1038 3931 1230 3990 αὖτοέν
1264 3950 1314 3987 et
1349 3935 1445 4003 τὴν
1483 3934 1728 4007 στιγμήν,
1773 3937 1860 3989 sed
1897 3938 2036 4008 quod
2069 3935 2200 3988 inter
2233 3936 2298 3989 τὸ
2335 3930 2527 3990 αὗτοέν

319 4038 370 4076 et
402 4024 499 4092 τὴν
532 4024 746 4095 μονάδα
779 4024 1078 4085 intercedat,
1112 4040 1227 4074 vere
1260 4021 1437 4093 §chun
1474 4036 1672 4084 monet,
1706 4035 1758 4073 et
1792 4023 2032 4092 quoniam
2065 4042 2174 4074 voe.
2210 4017 2417 4083 ἄθετος
2452 4022 2528 4074 ‹li-

318 4108 580 4175 stinguimr
611 4111 677 4164 τὸ
713 4106 904 4164 absolu
941 4130 969 4163 a
1004 4123 1210 4179 puncto,
1244 4112 1409 4179 ue'que
1445 4128 1566 4161 vero
1602 4127 1632 4161 a
1665 4107 1866 4174 singulis
1898 4108 2186 4172 nuituibns,
2219 4109 2368 4163 scribi
2389 4108 2530 4162 iubet

321 4190 628 4268 ἀδιαίρετον
662 4216 757 4268 pro
795 4193 1017 4250 ἄθετον.
1080 4195 1239 4266 Quod
1273 4216 1399 4249 num
1432 4195 1496 4247 sit
1528 4214 1848 4248 necessarum
1882 4196 2082 4261 dubim
2117 4212 2237 4249 nm
2270 4195 2312 4248 si
2339 4195 2393 4247 in
2418 4213 2527 4246 me-

318 4279 533 4331 moriam
579 4283 972 4335 revocaverimus
1019 4301 1147 4352 quae
1191 4284 1361 4354 paullo
1404 4301 1556 4353 supra
1599 4280 1812 4352 scripsit,
1849 4273 1975 4338 ⁶25:
2023 4281 2090 4345 ὥς
2124 4279 2343 4349 στιγμὴν
2377 4280 2442 4332 τὸ
2481 4279 2530 4332 ἓν

319 4368 412 4419 καὶ
446 4366 541 4435 τὴν
578 4362 743 4439 ἀρχὴν
779 4372 1005 4437 ἔθηκαν·
1049 4367 1082 4437 ἦ
1127 4366 1231 4441 γὰρ
1266 4368 1434 4439 μονὰς
1470 4369 1662 4439 στιγμὴ
1701 4364 1905 4428 ἄθετός
1940 4374 2107 4431 ἐστιν,
2151 4363 2306 4416 videri
2349 4363 2533 4435 pot'erit

318 4454 408 4505 Ar.
445 4470 537 4523 per
573 4448 781 4507 ἄθετον
815 4456 985 4526 paullo
1021 4453 1281 4507 obscurius
1315 4454 1474 4525 ipsam
1508 4454 1737 4526 principii
1769 4467 2002 4506 naturam
2031 4451 2338 4518 significasse,
2375 4468 2528 4519 qnam

319 4557 440 4591 eum
472 4538 684 4593 voluisse
719 4540 991 4608 siguificare
1028 4562 1088 4595 ex
1120 4541 1360 4612 proximis
1394 4541 1554 4594 verbis
1589 4534 2150 4608 cognoscitur.oi'10sd
2182 4535 2287 4609 γὰρ
2322 4538 2429 4589 κτλ.

406 4626 615 4681 Arimt.
636 4628 857 4698 metaph.
883 4628 963 4681 ed.
987 4627 1172 4682 Bonita
1194 4628 1310 4682 vol.
1334 4628 1396 4681 Η.
2060 4623 2132 4679 36
