3109 5175
1146 385 1253 456 M
1292 379 1363 454 8.
1449 379 1715 455 10841).
2391 384 2538 459 559

324 553 413 626 τὰ
456 555 635 639 ἑξῆς,
692 559 843 624 satis
900 556 1157 644 quidem
1202 567 1351 646 apta
1396 569 1497 624 est
1536 557 1648 624 iua
1692 561 2135 645 interpretatio
2182 571 2249 627 et
2291 563 2400 626 Ar.
2443 583 2538 626 ar·

325 660 911 753 gumentationibus
957 674 1417 739 consentanea;
1464 662 1582 728 sed
1625 666 1749 728 nisi
1778 662 2095 730 levissime
2123 668 2190 730 in
2222 664 2538 752 explican—

327 766 424 834 dis
480 766 696 832 verbis
751 776 1043 833 versatos
1100 777 1316 854 putes,
1376 766 1692 833 eiusmodi
1740 768 1895 855 quid
1940 789 2054 834 eos
2096 772 2168 834 in
2209 779 2383 836 textu
2430 770 2538 834 ha-

327 872 540 937 buisse
584 877 861 957 oportet,
907 870 1115 956 qualia
1161 870 1519 960 significavi
1566 877 1634 937 in
1675 895 1738 937 v.
1770 872 1812 938 1.
1858 872 1942 938 ad
1985 873 2046 937 h.
2077 872 2119 938 1.

455 976 639 1042 Licet
681 983 892 1040 autem
938 974 1097 1042 haec
1139 978 1219 1040 iis
1265 975 1461 1042 obiici
1507 975 1816 1056 debeant,
1869 980 1976 1064 qui
2020 980 2184 1042 intra
2230 977 2535 1044 decadem

325 1077 695 1144 describere
747 1078 990 1146 ideales
1050 1101 1349 1147 numeros
1407 1081 1777 1159 voluerunt,
1833 1091 2047 1146 tamen
2091 1081 2402 1148 Platonici
2447 1084 2535 1147 ita

323 1184 423 1250 his
471 1182 691 1252 decem
734 1186 1015 1250 numeris
1059 1187 1153 1251 uti
1199 1197 1529 1266 conantur,
1561 1193 1646 1251 «ut
1690 1184 1771 1250 ad
1814 1184 2248 1272 explicandam
2284 1206 2535 1251 omnem

325 1295 535 1353 rerum
592 1297 880 1353 naturam
935 1288 1283 1368 sufficiant,
1323 1292 1487 1356 a32:
1544 1292 1820 1374 γεννῶσι
1872 1291 2034 1374 γοῦν
2090 1285 2177 1355 τὰ
2230 1284 2537 1374 ἑπόμενα,

326 1385 475 1456 οἷον
516 1389 593 1456 τὸ
638 1386 846 1469 κενόν,
891 1387 1277 1475 ἀναλογίαν,
1320 1388 1398 1459 τὸ
1442 1389 1766 1481 περιττόν,
1809 1388 1894 1459 τοὶ
1932 1387 2105 1458 ἄλλα
2139 1388 2226 1458 τὰ
2260 1394 2536 1460 τοιαῦτα

325 1488 514 1571 ἐντὸς
553 1494 673 1574 τῆς
717 1488 1011 1570 δεκάδος.
1077 1497 1243 1563 Voc.
1276 1489 1359 1562 τοὶ
1402 1494 1694 1581 ἑπόμενα
1737 1519 2012 1564 summas
2053 1496 2406 1586 significari
2437 1519 2537 1562 ca·

326 1602 610 1687 tegorias
658 1619 734 1664 ex
778 1596 985 1664 allatis
1033 1599 1333 1687 exemplis
1376 1610 1661 1686 apparet,
1706 1600 1828 1665 sed
1869 1600 2039 1666 unde
2083 1623 2222 1665 eam
2266 1605 2391 1666 vim
2429 1601 2537 1667 ad·

324 1707 598 1769 sciscere
642 1704 846 1789 possit
890 1700 1147 1769 dubium
1194 1703 1466 1770 videtur.
1541 1704 1854 1790 Equidem
1899 1703 2070 1770 haud
2112 1707 2250 1770 scio
2296 1726 2382 1770 an
2419 1726 2538 1790 per

323 1800 410 1872 τὰ
464 1801 757 1890 ἑπόμενα
814 1810 1042 1872 seriem
1103 1806 1414 1874 denotare
1464 1807 1747 1874 voluerit
1796 1812 2140 1875 notionum
2187 1830 2329 1874 sese
2369 1812 2538 1874 invi·

324 1932 461 1975 cem
506 1912 918 1996 sequentium,
964 1932 1129 1997 quae
1176 1912 1381 1978 eidem
1426 1911 1614 1980 ideae
1658 1911 2100 1993 adnectuntur,
2145 1913 2232 1979 de
2273 1931 2400 2001 qua
2441 1934 2537 1978 ra-

326 2017 508 2080 tione
552 2017 889 2080 notionum
936 2014 1089 2080 alibi
1133 2038 1194 2079 v.
1228 2012 1633 2083 ἀκολουθεῖν
1661 2020 1962 2084 usitatum
1992 2028 2104 2097 est,
2149 2017 2230 2082 cf.
2262 2016 2341 2081 ad
2371 2016 2443 2081 A
2475 2018 2536 2082 1.

324 2119 495 2184 981⁶·
532 2120 639 2184 27.
728 2116 911 2203 Quas
955 2122 1258 2185 notiones
1300 2119 1409 2185 vel
1452 2123 1780 2208 principiis
1823 2122 1933 2188 vel
1973 2124 2251 2187 numeris
2293 2118 2403 2185 vel
2441 2123 2540 2185 in·

326 2221 609 2288 ter-vallis
656 2243 1059 2288 numerorum
1105 2222 1528 2304 attribuerint,
1575 2229 1843 2313 copiose
1890 2235 2224 2313 exponunt
2249 2225 2427 2291 Alex.
2473 2234 2540 2290 et

326 2327 474 2412 Syr.
520 2326 602 2392 ad
649 2327 708 2391 h.
738 2326 782 2392 1.
829 2326 950 2405 (cf.
983 2327 1279 2415 Theoph.
1310 2328 1466 2393 Met.
1495 2352 1561 2416 p.
1585 2331 1735 2410 312,
1763 2334 1920 2412 2⁰),
1965 2352 2173 2417 neque
2221 2337 2319 2395 est
2361 2328 2538 2416 quod

323 2434 393 2496 in
441 2431 541 2497 his
584 2429 1113 2498 hai-inlationibus
1158 2430 1421 2500 multum
1466 2436 1890 2500 immoremur.
1927 2472 2015 2487 --
2060 2436 2386 2500 Unitatem
2431 2454 2539 2499 au-

323 2545 451 2602 tem
497 2556 617 2623 pro
662 2538 980 2623 principio
1027 2537 1268 2605 habent
1309 2541 1714 2625 imparitatis,
1772 2542 1917 2627 quia
1967 2561 2041 2605 ea
2088 2537 2363 2616 adiecta,
2414 2557 2538 2603 nec

324 2661 482 2705 vero
539 2662 659 2727 per
715 2640 979 2706 triadem
1039 2639 1312 2707 aliumve
1369 2663 1698 2709 numerum
1750 2647 1994 2711 numeri
2037 2643 2205 2709 fiunt
2246 2645 2538 2727 impares,

326 2746 463 2809 «236
492 2766 586 2830 sq.
621 2780 701 2795 -
748 2744 905 2809 Item
952 2745 1422 2833 magnitudines
1468 2749 1937 2814 mathematicas
1967 2747 2049 2814 ad
2082 2747 2410 2812 denarium
2441 2765 2540 2809 ro-

326 2847 609 2913 tulerunt
651 2868 1009 2927 numerum,
1054 2849 1363 2936 siquidem
1410 2854 1638 2917 unitati
1676 2863 2001 2939 punctum,
2045 2850 2244 2938 dyadi
2287 2850 2538 2928 lineam,

324 2949 513 3016 triadi
536 2950 812 3038 planum,
834 2952 1068 3018 tetradi
1093 2975 1332 3040 corpus
1351 2953 1780 3035 contulerunt,
1804 2960 1911 3043 qui
1938 2958 2182 3020 numeri
2211 2957 2540 3021 coniuncti

323 3059 492 3121 inter
518 3075 591 3120 se
622 3055 925 3122 decadem
956 3056 1261 3136 efficiunt,
1300 3060 1434 3126 037
1456 3061 1649 3139 -1›2‚
1683 3060 1762 3125 cf.
1787 3063 1865 3127 N
1877 3062 1940 3127 3.
1971 3061 2172 3126 1119οὸ
2197 3062 2305 3125 22.
2345 3060 2409 3123 Ζ
2431 3061 2536 3125 11.

325 3161 530 3226 10366
561 3161 667 3225 14.
724 3160 807 3226 de
847 3182 950 3227 an.
985 3162 1017 3227 1
1059 3164 1122 3228 2.
1166 3165 1328 3229 4046
1370 3165 1472 3230 18.
1528 3164 1802 3230 Brandis
1834 3164 2069 3231 Gesch.
2100 3165 2161 3229 li
2198 3167 2260 3230 1.
2295 3186 2358 3249 p.
2384 3165 2538 3229 313.

320 3303 411 3315 -
447 3266 532 3329 ⁶1
580 3256 726 3329 οἷον
769 3261 811 3344 ἡ
855 3260 1079 3351 πρώτη
1136 3261 1410 3353 γραμμὴ
1466 3261 1748 3354 ἄτομος,
1806 3273 1847 3333 i.
1885 3291 1940 3334 e.
1987 3265 2029 3347 ἡ
2074 3264 2287 3353 μονάς
2331 3269 2538 3349 (hanc

326 3372 490 3434 enim
537 3389 678 3433 voc.
709 3363 934 3451 πρώτη
979 3369 1325 3457 significari
1372 3375 1788 3458 cognoscitur
1824 3390 1900 3439 ex
1936 3376 2243 3458 opposito
2279 3368 2324 3452 ἡ
2358 3366 2540 3449 δυάς,

324 3471 406 3536 cf.
438 3470 615 3537 Alex.
657 3494 721 3557 p.
755 3473 901 3549 751,
938 3473 1065 3552 12)
1109 3478 1287 3540 ἐστιν
1328 3471 1370 3553 ἡ
1417 3468 1693 3559 γραμμὴ
1738 3469 2003 3559 ἄτομος.
2080 3476 2281 3541 Linea
2328 3484 2540 3540 autem

324 3574 656 3641 individua
701 3574 855 3662 quid
899 3579 982 3641 sit
1025 3575 1280 3643 Platoni
1327 3576 1409 3642 cf.
1453 3575 1536 3641 ad
1579 3578 1652 3641 A
1696 3581 1762 3642 9.
1802 3578 1972 3642 992⁶
2009 3579 2116 3645 22.

457 3770 543 3852 3)
595 3769 810 3849 Quale
846 3772 1251 3857 principiam
1292 3772 1608 3837 imitatem
1650 3794 1794 3837 esso
1834 3772 2035 3841 velint
2070 3771 2428 3860 quaeritur,
2469 3778 2540 3837 et

326 3897 494 3961 quae
550 3898 697 3939 cum
752 3897 833 3941 ea
875 3898 952 3940 re
995 3878 1377 3943 coniunctae
1418 3886 1572 3943 emit
1615 3875 2054 3943 dubitationes
2100 3877 2538 3956 mutinam,
2601 3910 2622 3931 ·

327 3978 531 4044 1084⁶
556 3979 783 4056 2—9.
816 3979 1028 4046 1085«
1055 3981 1114 4046 7.

456 4098 528 4163 si
570 4120 900 4164 numerum
946 4121 1087 4164 cum
1117 4097 1391 4165 Platone
1434 4111 1748 4185 tamquam
1785 4099 2200 4167 substantiam
2237 4097 2534 4165 absolute

329 4202 728 4267 exsistent-
773 4205 1073 4289 ponimus
1121 4240 1202 4255 —
1248 4207 1539 4270 nimirum
1583 4207 1640 4269 si
1685 4207 1826 4291 quis
1869 4227 2012 4271 cum
2043 4206 2149 4273 Ar·
2189 4203 2272 4271 de
2310 4211 2536 4268 natura

325 4307 572 4368 numeri
615 4308 961 4386 consentit,
1023 4329 1097 4373 ea
1150 4310 1439 4396 quaestio
1484 4330 1619 4375 non
1663 4319 1882 4396 potest
1921 4312 2169 4374 moveri
2215 4345 2312 4367 -.
2335 4324 2534 4392 quae-

324 4411 483 4474 ritur
529 4418 736 4476 utrum
783 4414 866 4477 sit
905 4414 1114 4499 prius,
1172 4416 1410 4494 unitas,
1467 4435 1633 4501 quae
1689 4425 1789 4479 est
1841 4416 2089 4479 numeri
2136 4411 2531 4488 elementum,

323 4534 406 4579 an
449 4514 689 4605 singuli
732 4520 978 4585 numeri
1022 4516 1224 4585 veluti
1266 4516 1427 4605 dyas
1455 4522 1627 4586 trias.
1700 4518 1831 4585 Iam
1875 4518 2188 4605 quatenus
2227 4535 2531 4583 numerus
