3109 5175
573 349 716 427 120
1409 352 1486 423 A
1529 348 1606 423 9.
1679 346 1909 422 991⁶.

567 525 945 593 Aristoteles
985 544 1224 591 nomen
1259 520 1560 611 ἀριθμός
1586 545 1894 613 usurpare
1927 545 2047 612 pro
2087 516 2283 607 λόγος
2316 524 2389 588 ἐν
2422 517 2769 608 ἀριθμοῖς,

567 633 649 698 Ν
667 632 728 696 5.
762 631 963 695 1092&
990 632 1094 696 18.
1136 632 1198 695 6.
1232 631 1434 695 10921·
1457 631 1574 705 27;
1621 628 1734 694 sed
1778 632 1823 693 ii
1864 629 1986 715 ipsi
2031 626 2159 691 loci
2198 628 2401 690 acl-ius
2436 624 2769 691 attenden-

568 744 694 799 tem
741 733 1005 813 docent,
1059 734 1367 822 distingui
1409 736 1579 797 inter
1621 727 1920 819 ἀριθμός
1958 741 2022 795 et
2066 725 2265 814 λόγος
2306 733 2380 794 ἐν
2422 725 2767 813 ἀριθμοῖς.

567 836 824 922 Quodsi
866 836 1182 902 interdum
1221 838 1379 901 baec
1419 840 1588 902 inter
1627 857 1699 899 se
1738 844 2188 922 permutentur,
2232 832 2359 895 hoc
2398 842 2572 895 certe
2614 830 2766 895 loeo

563 940 632 1005 id
677 944 818 1006 sine
859 940 1293 1029 negligentiae
1338 942 1595 1005 crimine
1636 939 1778 1004 fieri
1823 959 1956 1003 non
2002 943 2285 1023 poterat,
2343 938 2639 1020 qnoniam
2697 937 2767 999 in

565 1038 1032 1132 distinguendis
1074 1045 1171 1109 his
1207 1047 1372 1109 inter
1405 1066 1477 1109 se
1512 1042 1889 1108 notionibus
1929 1042 2134 1106 omnis
2180 1042 2545 1104 continetur
2584 1059 2768 1125 argu-

561 1148 887 1213 mentandi
930 1151 1045 1214 vis.
1118 1146 1392 1227 Deinde,
1434 1146 1743 1233 siquidem
1784 1166 1929 1210 voc.
1961 1138 2260 1231 ἀριθμός
2287 1152 2471 1206 antea
2503 1140 2769 1206 liberius

566 1261 664 1315 est
707 1261 1088 1337 usurpatum,
1130 1262 1358 1338 postea
1392 1253 1526 1315 ⁶20
1565 1253 1632 1314 in
1677 1249 1888 1314 verbis
1933 1249 2045 1313 καὶ
2084 1243 2203 1312 οὐκ
2239 1241 2538 1333 ἀριθμός
2574 1265 2768 1333 aegre

564 1375 782 1418 careas
827 1354 1132 1419 adverbio
1177 1352 1418 1431 ἁπλῶς.
1475 1354 1554 1418 cf.
1603 1353 1765 1419 obs.
1812 1375 1872 1438 p.
1909 1353 1998 1416 28
2041 1373 2137 1436 sq.

695 1458 965 1522 9911221
1015 1459 1132 1522 ἔτι
1177 1462 1260 1522 ἐκ
1302 1459 1623 1524 πολλῶν
1666 1492 1753 1505 -
1799 1457 2079 1520 992010
2122 1447 2556 1518 ἀδύνατον.
2646 1451 2769 1516 Ex-

562 1570 893 1647 ponuntur
948 1560 1194 1646 aliquot
1244 1559 1543 1647 deinceps
1591 1556 2026 1644 difficultateS,
2083 1579 2157 1621 ex
2205 1555 2428 1641 quibus
2476 1576 2614 1619 eam
2658 1576 2771 1641 ap-

562 1676 784 1751 pareat
827 1685 969 1729 esse
1011 1662 1293 1728 idearum
1341 1675 1407 1729 et
1448 1684 1852 1729 numerorum
1886 1660 2327 1737 diversitatem,
2370 1666 2441 1721 ut
2468 1656 2653 1722 ideae
2684 1658 2767 1723 ad

561 1786 966 1832 numerorum
1023 1777 1310 1833 naturam
1366 1766 1590 1831 referri
1636 1776 1975 1852 nequeant.
2064 1764 2159 1828 Ac
2202 1765 2466 1849 primum
2511 1760 2765 1846 quidem

561 1874 807 1935 numeri
854 1869 1072 1956 plures
1118 1868 1616 1934 consummando
1660 1873 1727 1933 in
1770 1889 1964 1932 uuum
2008 1886 2334 1931 numerum
2380 1863 2767 1944 coalescunt,

559 1993 694 2038 non
740 1978 890 2038 item
935 1972 1152 2061 plures
1195 1971 1397 2038 ideae.
1483 1971 1738 2058 Quodsi
1784 1972 1949 2035 hanc
1992 1972 2286 2035 evitaturi
2324 1967 2765 2033 difficultatem

560 2095 695 2141 non
752 2080 929 2163 ipsos
986 2097 1285 2141 numeros
1342 2076 1617 2142 dixerint
1667 2079 1733 2140 in
1779 2096 1968 2140 unum
2016 2093 2341 2137 numerum
2388 2070 2767 2151 coalescere,

559 2178 677 2244 sed
722 2201 845 2258 eas»,
891 2202 967 2244 ex
1012 2179 1242 2265 quibus
1281 2178 1516 2266 singuli
1556 2181 1803 2243 numeri
1842 2188 2155 2254 constent,
2199 2180 2489 2253 unitates,
2530 2180 2602 2240 tx
2634 2178 2771 2242 τῶν-

561 2283 949 2369 ὲναρίθμων
985 2283 1147 2360 ὺ22,
1203 2286 1269 2346 in
1329 2282 1512 2346 aliam
1575 2281 1862 2346 incidunt
1905 2300 2025 2344 nec
2068 2282 2377 2343 minorem
2425 2276 2767 2344 dubitatio-

559 2405 735 2464 nem,
791 2383 1116 2471 quomodo
1175 2383 1471 2449 idealium
1529 2404 1932 2449 numerorum
1990 2386 2265 2447 unitates
2318 2385 2487 2446 inter
2544 2404 2613 2447 se
2657 2384 2767 2447 ha-

559 2488 783 2562 beant3
843 2509 996 2574 quas
1041 2491 1176 2553 sive
1221 2498 1507 2554 statuunt
1551 2487 1830 2553 eiusdem
1876 2489 2128 2574 generis
2175 2507 2250 2549 ac
2293 2494 2557 2550 naturae
2604 2508 2765 2564 esse,

560 2590 908 2675 ὁμοειδεῖς,
965 2587 1374 2676 συμβλητάς,
1424 2587 1863 2679 ἀδιαφόρους,
1908 2594 2041 2655 sive
2087 2588 2423 2655 dissimiles
2465 2592 2635 2653 inter
2675 2612 2765 2666 se,

557 2715 693 2759 non
737 2694 999 2759 multum
1046 2694 1412 2780 proficiunt.
1503 2695 1702 2781 Quod
1749 2706 1958 2760 autem
2006 2687 2156 2759 dicit
2193 2695 2349 2757 ⁶24:
2405 2687 2499 2776 μὴ
2544 2691 2766 2777 ὁμοει-

558 2799 708 2876 δεῖς,
751 2794 915 2882 μήτε
961 2801 1033 2862 αἱ
1077 2795 1277 2863 αὐταὶ
1319 2795 1652 2878 ἀλλήλαις,
1695 2794 1859 2881 μήτε
1904 2801 1977 2862 αὶ
2019 2792 2216 2861 ἄλλαι
2251 2797 2467 2862 πᾶσαι
2500 2792 2766 2874 πάσαις,

559 2899 878 2987 duplicem
924 2899 1176 2966 videtur
1217 2902 1583 2988 significare
1628 2906 1954 2979 rationem,
2008 2922 2130 2985 qua
2176 2919 2581 2964 numerorum
2627 2903 2766 2966 uni-

558 3015 719 3069 tates
775 3007 946 3068 inter
1001 3026 1074 3068 se
1131 3004 1390 3070 differre
1447 3015 1831 3081 stamantur3
1885 3006 2121 3068 etenim
2174 3013 2284 3067 aut
2334 3024 2497 3089 quae
2540 3006 2607 3067 in
2656 3025 2767 3067 eo-

560 3107 701 3171 dem
749 3117 899 3171 sunt
941 3128 1206 3171 numero
1254 3109 1530 3172 unitates
1579 3108 1841 3173 differre
1885 3109 2054 3171 inter
2095 3127 2167 3171 se
2211 3105 2513 3171 dicuntur
2550 3109 2577 3186 (
2590 3117 2661 3171 ut
2692 3110 2766 3171 αὶ

560 3208 759 3276 αὐταί
814 3208 982 3274 idem
1042 3210 1360 3297 significet
1411 3222 1603 3296 atque
1660 3214 1731 3275 αἱ
1777 3215 1848 3275 ἐν
1892 3211 1984 3293 τῷ
2030 3205 2209 3292 αὐτῷ
2252 3206 2598 3295 ἀριθμῷ),
2656 3220 2767 3275 aut

558 3335 720 3400 quae
778 3317 845 3378 in
903 3312 1031 3378 alio
1088 3323 1237 3377 sunt
1293 3333 1561 3378 numero
1608 3313 1895 3378 diversae
1938 3335 2079 3378 esse
2125 3313 2204 3376 ab
2252 3316 2357 3390 iis,
2416 3335 2490 3377 ex
2534 3313 2765 3399 quibus

555 3415 718 3480 alius
761 3425 1034 3481 constat.
1100 3417 1277 3481 Haec
1307 3429 1480 3482 certe
1511 3417 1851 3504 explicatio
1884 3419 2238 3512 necessaria
2267 3414 2588 3480 videbitur
2614 3439 2767 3482 con-

557 3520 909 3602 ferentibus
957 3522 1043 3584 M
1067 3522 1127 3584 6.
1175 3523 1386 3586 1080«
1409 3524 1514 3587 23.
1579 3524 1638 3586 7.
1687 3524 2019 3586 1081535.
2109 3522 2488 3606 Perstringit
2530 3519 2766 3585 deinde

560 3642 667 3687 eas
714 3621 911 3687 modo
959 3623 1386 3703 difficultates,
1431 3646 1595 3710 quae
1633 3624 2010 3690 oboriantur
2043 3622 2352 3688 diversam
2389 3645 2528 3687 esse
2562 3627 2765 3689 unita-

559 3729 691 3790 tum
735 3736 1020 3791 naturam
1066 3729 1508 3794 statuentibus.
1584 3727 1793 3813 Quam
1831 3730 2012 3806 enim,
2057 3731 2163 3807 ait,
2210 3726 2632 3792 differentiam
2668 3748 2765 3791 re·

559 3832 812 3915 perient
852 3833 918 3893 in
968 3850 1049 3894 eo
1085 3852 1296 3896 rerum
1331 3853 1587 3919 genere,
1634 3830 1825 3917 quod,
1863 3853 2054 3917 quum
2096 3831 2175 3895 ab
2214 3835 2385 3895 omni
2420 3831 2764 3896 affectione

562 3941 914 4017 exemptum
962 3937 1046 3997 sit
1089 3944 1155 3998 et
1198 3937 1541 4023 integrum,
1589 3932 1884 4011 ἀπαθεῖς
1928 3935 2049 4015 (cf.
2096 3935 2186 3998 M
2208 3937 2269 3999 8.
2303 3935 2513 3998 1083a
2535 3937 2603 3999 9:
2650 3931 2765 3999 οὐ-

563 4034 674 4097 δὲν
717 4028 848 4120 γὰρ
889 4032 1124 4110 αὐταῖς
1167 4033 1312 4102 οἶόν
1355 4061 1424 4103 τε
1467 4034 1781 4125 ὑπάρχειν
1835 4034 2136 4117 πάθος),
2194 4059 2279 4102 ne
2336 4035 2763 4101 differentiam

564 4134 816 4221 quidem
862 4135 1053 4201 ullam
1098 4149 1319 4223 potest
1361 4140 1712 4205 admittere.
1750 4178 1832 4193 -
1878 4140 2136 4206 Deinde
2179 4143 2233 4204 si
2278 4144 2383 4227 qui
2430 4138 2763 4204 dissimiles

563 4259 967 4304 numerorum
1026 4244 1299 4308 unitates
1356 4255 1636 4329 ponunt,
1692 4248 1989 4329 quoniam
2047 4248 2359 4309 universa-
2387 4265 2486 4307 ars
2528 4243 2767 4307 mathe-

560 4344 788 4405 matica
845 4343 925 4407 ab
986 4365 1066 4408 eo
1126 4345 1551 4432 proficiscitur
1606 4349 1923 4433 principio
1968 4359 2038 4413 ut
2080 4369 2268 4434 pares
2313 4350 2482 4413 inter
2524 4367 2597 4412 se
2638 4349 2770 4412 sint

557 4466 962 4512 numerorum
1007 4452 1307 4530 unitates,
1368 4449 1543 4516 aliud
1593 4473 1998 4517 numerorum
2045 4473 2252 4538 genus
2295 4461 2552 4538 praeter
2594 4449 2766 4516 idea-
