3109 5175
1136 395 1211 466 A
1258 392 1330 465 6.
1404 391 1600 469 9871,
1615 446 1632 465 .
2387 394 2484 470 93

273 585 420 631 nem
479 565 570 631 ibi
626 566 956 647 habemus,
1023 566 1136 633 ubi
1205 588 1442 633 nomen
1499 566 1697 633 οὐσία
1754 571 2157 635 coniunctum
2216 569 2486 659 legimus

274 692 416 735 cum
449 672 707 735 nomine
742 668 915 748 εἶδος
949 674 978 751 (
991 670 1047 736 A
1080 672 1141 736 4.
1176 673 1387 738 10156
1413 674 1518 737 10.
1570 675 1672 738 18.
1713 675 1915 739 10226
1945 675 2043 740 15.
2092 675 2157 738 Ζ
2179 675 2241 740 8.
2275 677 2486 742 10331)

277 776 381 839 17.
422 773 546 854 31.)
598 772 703 838 vel
750 796 890 839 cum
936 773 1225 840 formulis
1268 768 1346 840 τὸ
1391 777 1457 839 τί
1499 763 1589 855 ἦν
1632 770 1814 856 εἶναι,
1856 770 1936 842 τὸ
1978 778 2046 841 τί
2086 781 2225 844 ἐστι
2266 780 2382 860 (Α
2422 782 2485 846 3.

273 877 575 944 983α27.
636 879 696 944 7.
733 878 903 944 98811
925 881 1032 944 35.
1095 881 1197 944 10.
1241 879 1409 945 9933
1439 880 1539 943 18.
1582 879 1661 944 31.
1708 916 1791 931 -
1838 881 1900 945 8.
1943 881 2105 946 9886
2129 882 2236 947 28.
2295 883 2350 947 Δ
2383 885 2484 949 13.

276 982 488 1047 102οσ
520 981 621 1046 18.
665 982 736 1046 Ε
764 983 819 1045 l.
854 983 1058 1048 1025»
1086 985 1189 1047 14.
1219 981 1299 1047 31.
1317 987 1361 1061 ).
1396 1019 1476 1032 -
1523 984 1750 1048 Posuit
1789 993 2014 1062 autem,
2057 988 2150 1051 ait
2178 988 2489 1051 Aristote-

273 1083 385 1165 les,
433 1083 566 1149 duo
610 1082 721 1150 illa
767 1088 1075 1172 principia
1112 1085 1394 1152 idearum
1427 1085 1632 1165 Plato,
1678 1098 1849 1152 ratus
1894 1084 1966 1166 ἐξ
2008 1091 2267 1155 ἐκείνων
2312 1092 2395 1172 (1.
2428 1111 2484 1153 3.

272 1191 394 1254 τοῦ
425 1183 720 1273 μεγάλου
750 1190 861 1253 καὶ
896 1191 1015 1253 τοῦ
1046 1191 1323 1277 μικροῦ)
1363 1182 1536 1254 κατὰ
1576 1188 1854 1273 μέθεξιν
1889 1193 2009 1257 τοῦ
2046 1186 2196 1269 ἑνὸς
2228 1186 2312 1258 τοὶ
2346 1190 2485 1271 εἴδη

275 1288 443 1357 εἶναι
481 1285 633 1368 τούς
666 1287 1006 1377 ἀριθμούς
1036 1282 1191 1357 ῠ21ἷ
1261 1293 1554 1359 Extrema
1589 1293 1786 1359 verba
1820 1289 1972 1371 τοὺς
2006 1290 2344 1382 ἀριθμούς
2381 1316 2487 1360 ve-

272 1398 519 1460 rissime
552 1394 915 1462 Alexander
960 1395 1215 1461 videtur
1256 1397 1676 1483 interpretari,
1723 1398 1897 1484 quod
1944 1421 2017 1464 ea
2063 1419 2184 1486 pro
2230 1402 2487 1486 apposi-

276 1504 456 1565 tione
504 1510 688 1586 putat
730 1498 942 1565 addita
991 1520 1134 1565 esse
1181 1498 1261 1567 ad
1299 1500 1663 1567 definienda
1698 1495 1784 1566 τὰ
1820 1498 1977 1581 εἴδη.
2051 1501 2287 1569 Scn'bit
2318 1506 2487 1569 enim

276 1627 339 1690 p.
370 1605 477 1682 40,
508 1604 580 1667 2:
626 1598 821 1670 εὶπών
864 1605 934 1670 δὲ
976 1598 1063 1668 τὰ
1103 1604 1240 1683 εἴδη
1274 1605 1655 1691 προσέθηκε
1704 1595 1900 1681 «τοὺς
1934 1601 2345 1690 ἀριθμούς·»
2398 1601 2487 1672 τὰ

275 1702 401 1793 γὰρ
464 1703 554 1783 ὡς
608 1704 899 1794 ἀριθμοὶ
955 1705 1092 1787 εἴδη
1149 1711 1219 1773 αἱ
1275 1708 1473 1785 ἰδέαι,
1528 1710 1669 1775 ἐπεὶ
1723 1706 1863 1788 εἴδη
1918 1713 2032 1775 καὶ
2075 1704 2249 1775 ἄλλα
2290 1711 2487 1788 ἐστίν,

276 1806 497 1896 ὥσπερ
543 1800 663 1877 οὖν
697 1812 809 1875 καὶ
845 1807 1152 1897 ἀριθμοί.
1221 1811 1776 1896 Quemadmodum
1808 1813 2188 1880 Aristoteles
2215 1810 2303 1878 τὰ
2334 1812 2489 1893 εἴδη,

278 1915 384 1980 ubi
430 1915 563 1979 hoc
605 1913 986 1980 vocabulum
1032 1935 1166 1981 non
1211 1913 1548 1981 Platonico
1595 1915 1709 1981 sed
1753 1916 2003 2006 vulgari
2047 1939 2241 1983 sensu
2284 1920 2488 2004 accipi

276 2018 427 2096 vult,
477 2039 670 2105 saepe
716 2016 943 2082 definit
985 2016 1207 2083 addito
1253 2022 1441 2102 γένος
1484 2022 1772 2098 3013133,
1818 2014 1903 2085 τὰ
1947 2017 2036 2096 ὡς
2076 2024 2302 2104 γένους
2347 2019 2487 2100 εἴδη

279 2124 339 2187 Ζ
364 2125 470 2188 12.
505 2123 713 2188 10384
739 2124 800 2188 5.
846 2124 909 2186 4.
943 2122 1150 2187 1⁰30·
1182 2123 1282 2187 12.
1328 2123 1378 2187 Ι
1402 2123 1462 2188 7.
1498 2124 1699 2189 10576
1726 2126 1783 2188 7.
1830 2123 1893 2187 8.
1925 2125 2134 2189 10583
2159 2125 2266 2189 22.
2314 2126 2484 2190 Μ5.

281 2229 486 2293 10791»
516 2226 626 2292 34.
669 2225 751 2290 cf.
800 2230 871 2291 A
907 2230 969 2293 9.
1012 2228 1182 2292 991a
1213 2227 1319 2304 30,
1361 2227 1450 2292 ita
1496 2229 1705 2291 mirari
1746 2247 1882 2292 non
1927 2248 2265 2315 possumus
2311 2227 2491 2314 quod

277 2329 413 2411 εἴδη
443 2329 786 2396 Platonico
815 2351 1006 2395 sensu
1045 2327 1271 2395 definit
1298 2351 1415 2417 per
1444 2333 1913 2416 appositionem
1949 2325 2103 2408 τοὺς
2131 2327 2487 2419 ἀριθμούς,

277 2434 337 2501 h.
369 2457 424 2500 e.
478 2456 586 2500 eas
630 2437 895 2521 species,
943 2456 1098 2521 quas
1130 2434 1313 2499 Plato
1359 2432 1465 2499 vel
1503 2438 1895 2522 comparavit
1930 2439 2206 2501 numeris
2244 2435 2351 2500 vel
2389 2457 2486 2501 re-

279 2537 460 2606 duxit
513 2538 595 2606 ad
651 2560 969 2608 numeros.
1066 2537 1443 2605 Potuisse
1499 2538 1650 2607 addi
1705 2543 2003 2607 τουτέστι
2056 2538 2162 2606 vel
2218 2538 2483 2606 similem

280 2642 595 2731 quandam
654 2646 945 2731 usurpari
1001 2642 1363 2722 formulam,
1420 2643 1620 2709 veluti
1676 2639 1763 2710 τὰ
1813 2641 1900 2721 ὡς
1948 2637 2285 2731 ἀριθμοὺς
2327 2642 2487 2724 εἴδη,

281 2747 456 2834 quod
501 2747 833 2814 contendit
875 2747 1089 2814 Zeller
1132 2748 1293 2814 Plat.
1339 2748 1429 2813 St.
1476 2771 1540 2834 p.
1571 2750 1703 2815 235
1748 2770 1842 2835 sq.
1885 2759 2052 2826 not„
2107 2767 2241 2813 non
2292 2769 2487 2837 nega-

279 2857 510 2933 verim,
565 2856 1037 2918 necessario
1096 2853 1290 2920 fuisse
1335 2850 1697 2932 addendum
1742 2873 1877 2918 non
1922 2873 2181 2940 possum
2226 2854 2291 2917 ei
2334 2874 2485 2918 con-

281 2956 530 3022 cedere.
620 2957 704 3021 Et
747 2961 801 3022 is
846 2956 1132 3044 quidem,
1189 2978 1272 3021 ne
1324 2955 1636 3024 incideret
1678 2959 1745 3021 in
1789 2956 1958 3022 illam
2004 2954 2349 3022 Alexandri
2393 2961 2487 3021 in·

282 3063 830 3148 ter-pretationem,
875 3060 1071 3126 verba
1119 3060 1479 3127 Aristotelis
1523 3064 1617 3126 sic
1658 3063 1873 3127 vertit:
1918 3061 2089 3126 deun
2133 3083 2254 3126 nm
2277 3062 2485 3144 jener·
2552 3123 2561 3136 ,

283 3163 470 3248 (dem
506 3164 795 3253 Grofien
830 3166 968 3232 und
994 3165 1326 3253 Kleinen)
1369 3164 1629 3230 werden
1670 3167 1805 3232 die
1848 3166 2095 3231 Ideen
2139 3188 2237 3231 zu
2276 3165 2487 3231 Zala-

283 3268 406 3335 len
453 3269 660 3335 dur-el·
702 3271 811 3335 die
849 3269 1272 3335 Theilnalmue
1317 3269 1479 3354 (dee
1526 3269 1817 3358 Grosoen
1859 3271 1998 3335 und
2021 3269 2351 3358 Kleineu)
2396 3293 2485 3335 nn

283 3373 430 3438 doni
469 3374 660 3438 Eine.
749 3375 837 3440 At
896 3396 972 3438 ea
1013 3375 1454 3461 interpretatio
1499 3394 1623 3438 nec
1664 3395 1781 3460 per
1823 3373 2004 3463 leges
2047 3378 2485 3463 grammaticas

283 3487 500 3561 potest
543 3475 802 3557 admitti,
850 3498 972 3543 nec
1012 3481 1462 3545 sententiarum
1510 3481 1699 3543 nexui
1741 3488 1887 3566 apta
1934 3487 2047 3544 est.
2130 3480 2276 3543 Hoc
2319 3481 2485 3543 enim

285 3583 338 3644 si
370 3580 686 3646 voluisset
723 3580 934 3648 dicere
964 3581 1362 3660 AristoteleS,
1407 3580 1792 3647 omittendus
1837 3593 1973 3647 erat
2012 3584 2075 3646 in
2115 3581 2485 3669 praedicato

287 3684 583 3751 articulus
625 3680 807 3764 τούς,
863 3685 980 3751 sed
1024 3707 1159 3752 non
1203 3684 1409 3751 voluit
1453 3684 1696 3761 dicere;
1742 3706 2013 3773 namque
2057 3707 2131 3750 ex
2176 3684 2487 3772 particula

288 3789 520 3855 causali
562 3784 691 3878 γάρ
735 3794 1146 3878 cognoscitur
1180 3792 1525 3877 superioris
1559 3791 1878 3855 enunciati
1908 3793 2218 3855 rationem
2248 3787 2483 3854 afferri.

288 3890 502 3979 ltaque
545 3913 680 3958 non
724 3896 938 3979 potuit
981 3885 1327 3981 explicare,
1386 3894 1494 3979 qui
1549 3892 1738 3959 fieret
1792 3904 1862 3958 ut
1917 3892 2100 3958 ideae
2148 3895 2217 3958 in
2272 3913 2488 3958 umne-

287 4015 497 4062 rorum
539 4007 824 4063 naturam
871 3997 1142 4077 abirent,
1189 3996 1305 4063 sed
1349 3995 1877 4084 quemadmodum
1920 3997 2062 4076 illa,
2113 4018 2277 4084 quae
2321 4007 2489 4062 retu-

289 4096 374 4179 lit,
416 4110 629 4166 essent
674 4100 958 4167 idearum
1001 4105 1137 4168 sive
1176 4122 1584 4167 numerorum
1625 4100 1924 4168 idealium
1956 4102 2305 4188 eademque
2339 4121 2489 4186 pro-

287 4213 500 4287 pterea
556 4226 763 4272 rerum
820 4207 1100 4272 omnium
1157 4208 1488 4293 principia.
1578 4207 1757 4271 Haec
1804 4209 2103 4293 quoniam
2148 4204 2486 4272 manifesto

291 4316 385 4371 est
437 4309 922 4397 argumentandi
978 4313 1173 4389 ratio,
1239 4331 1364 4375 nec
1415 4308 1831 4399 Schweglero
1897 4332 2155 4399 possum
2213 4308 2490 4395 adstipu-

290 4405 417 4490 lari,
459 4416 570 4500 qui
605 4425 864 4502 recepta
890 4413 1127 4482 Zelleri
1163 4415 1692 4501 interpretatione
1728 4414 2057 4482 ιιι-11331331
2094 4410 2248 4490 τούς
2278 4413 2489 4479 omitti

289 4513 478 4584 iubet.
