3109 5175
1189 358 1264 428 Z
1306 354 1373 428 4.
1459 353 1726 430 1029&
2410 356 2553 432 303

348 526 636 616 singulas
679 549 756 594 ee
797 527 1161 607 sensibiles,
1206 529 1290 596 ad
1333 530 1462 596 hoc
1502 553 1740 618 genera
1788 542 1853 596 et
1894 532 2124 616 primas
2169 552 2416 611 causas,
2461 554 2556 598 sa-

349 635 430 698 tis
476 642 542 696 et
587 643 806 698 notum
857 643 956 697 est
999 644 1064 698 et
1100 633 1493 719 explicatum,
1539 634 1621 700 cf.
1655 635 1894 700 Trend.
1929 634 2011 700 de
2041 657 2141 700 an.
2172 659 2235 720 p.
2260 638 2387 701 337
2418 658 2553 723 sqq.

347 736 576 802 Waitz
607 736 769 823 Org.
807 737 922 802 71⁶
944 738 1028 800 21
1063 748 1129 802 et
1160 739 1280 801 71«
1308 739 1364 815 1,
1409 760 1473 822 p.
1501 740 1653 804 299.
1713 736 1980 822 Heyder
2014 737 2158 803 krit.
2188 739 2401 805 Darst.
2433 742 2463 805 1
2495 743 2553 805 1.
2622 785 2635 798 .

348 862 410 924 p.
445 840 571 906 164
612 861 745 924 sqq.
816 839 1038 925 ltaque
1082 863 1271 925 quum
1319 862 1448 906 rem
1496 840 1933 910 absconditam
1974 851 2039 908 et
2075 865 2150 906 ex
2185 845 2400 910 intima
2441 864 2556 909 no·

348 945 541 1010 tionis
589 953 814 1010 natura
858 942 1268 1027 repetendam
1308 946 1692 1032 investigare
1728 948 2005 1030 suscipit,
2051 967 2180 1030 quo
2217 950 2417 1035 magis
2453 951 2556 1012 via

349 1066 426 1112 ae
468 1047 718 1111 ratione
763 1045 1071 1130 procedat
1114 1046 1481 1133 disputatio,
1530 1070 1607 1113 ex
1650 1052 1728 1113 iis
1774 1072 1936 1135 quae
1980 1049 2177 1116 nobis
2218 1062 2365 1116 sunt
2408 1072 2556 1137 pro-

351 1151 552 1235 piora,
598 1148 679 1216 ad
714 1170 806 1226 ea,
852 1172 1012 1234 quae
1059 1160 1281 1218 natura
1326 1154 1542 1236 priora
1586 1151 1751 1230 sunt,
1794 1173 1865 1218 se
1896 1174 2377 1241 progressurum
2408 1176 2558 1241 pro-

351 1253 558 1318 mittit.
591 1287 673 1302 —
720 1254 908 1317 Hanc
949 1253 1086 1320 fere
1131 1275 1270 1321 esse
1315 1254 1673 1324 huius-loci
1717 1261 2093 1322 sententiam
2138 1257 2327 1324 facile
2368 1279 2558 1343 appa·

351 1366 478 1429 ret;
533 1353 649 1420 sed
693 1357 836 1441 ipsa
879 1357 1078 1424 verba
1121 1361 1178 1423 si
1222 1360 1361 1443 quis
1406 1356 1771 1447 diligentius
1816 1365 2174 1438 exeusseriu
2217 1364 2560 1428 sententia-

348 1480 486 1526 rum
546 1458 836 1528 ordinem
894 1460 993 1528 bis
1048 1461 1213 1530 male
1269 1466 1688 1547 interruptum
1733 1468 1983 1530 sentiet.
2072 1466 2346 1531 Primum
2393 1468 2557 1532 enim

351 1563 527 1648 quod
561 1563 746 1628 dicit:
786 1558 918 1650 πρὸ
962 1566 1155 1651 ἔργον
1197 1558 1352 1650 γὰρ
1396 1558 1472 1628 τὸ
1515 1565 1936 1649 μεταβαίνειν
1976 1572 2067 1643 εὶς
2105 1560 2183 1632 τὸ
2225 1563 2560 1656 γνωριμώ-

352 1687 542 1752 τερον
584 1668 720 1734 κτλ.
761 1667 864 1744 ῡ3,
911 1665 1137 1736 frustra
1182 1671 1248 1736 in
1293 1670 1388 1746 iis,
1433 1690 1598 1754 quae
1641 1680 1828 1736 antea
1874 1669 2042 1737 dieta
2087 1680 2250 1748 sunt,
2292 1692 2559 1756 quaeras

351 1772 530 1836 euius
584 1771 840 1836 tandem
899 1773 993 1836 rei
1051 1771 1210 1838 haec
1253 1770 1450 1837 verba
1498 1794 1748 1840 eausam
1794 1795 1868 1838 ac
1912 1777 2223 1842 rationem
2268 1774 2558 1842 afferant.

351 1873 529 1938 Dixit
574 1877 737 1940 enim
784 1876 1072 1959 proxime
1115 1894 1185 1940 se
1222 1873 1683 1961 disputaturum
1724 1874 1806 1942 de
1840 1877 1935 1959 τῷ
1966 1881 2031 1941 τί
2065 1865 2150 1956 ἦν
2185 1871 2373 1955 εἶναι,
2414 1881 2559 1963 quia

354 1975 420 2042 id
449 1977 530 2042 ad
562 1976 1077 2065 cognoscendam
1109 1976 1522 2044 substantiam
1551 1982 1877 2064 pertinere
1908 2001 2095 2064 supra
2127 1983 2301 2064 (cap.
2323 1981 2367 2045 3
2390 1983 2561 2061 init.)

352 2080 801 2168 significasset3
848 2091 914 2147 at
952 2102 1100 2150 num
1138 2091 1484 2167 propterea
1523 2081 1609 2148 ad
1646 2080 2203 2166 contemplandum
2248 2076 2327 2146 τὸ
2371 2085 2435 2147 τί
2476 2071 2564 2162 ἦν

353 2180 521 2250 εἶναι
567 2183 838 2263 accedit,
886 2189 1030 2271 quia
1077 2185 1368 2252 discendi
1413 2206 1485 2252 ea
1535 2196 1633 2251 est
1676 2189 1808 2262 via,
1854 2197 1925 2252 ut
1969 2185 2049 2252 ab
2094 2187 2193 2264 iis,
2239 2207 2405 2270 quae
2445 2206 2563 2252 no·-

353 2287 452 2356 bis
497 2298 647 2354 sunt
688 2291 962 2368 notiora,
1007 2286 1089 2356 ad
1132 2290 1390 2355 notiora
1436 2299 1662 2374 suapte
1694 2299 1921 2356 natura
1957 2294 2385 2356 transeamus?
2442 2290 2564 2356 Mi-

353 2393 522 2458 nime
564 2412 741 2469 vero,
785 2391 901 2457 sed
934 2388 1013 2458 τὸ
1041 2395 1107 2457 τί
1145 2381 1229 2471 ἦν
1262 2385 1444 2471 εἶναι,
1481 2413 1594 2460 sua
1636 2391 1893 2477 quidem
1923 2403 2147 2458 natura
2183 2396 2447 2479 primum
2487 2414 2564 2460 oe

354 2497 729 2580 proximum,
771 2496 961 2562 nobis
1005 2498 1490 2564 remotissimum
1535 2505 1633 2560 est
1679 2505 1743 2560 et
1785 2496 2243 2562 absconditum.
2305 2495 2563 2563 Deinde

351 2600 508 2663 bn:
566 2601 678 2664 καὶ
737 2603 997 2687 πρῶτον
1055 2598 1334 2682 εἴπωμεν
1377 2600 1519 2667 ἔνια
1561 2602 1709 2687 περὶ
1755 2597 2009 2667 αὑτοῦ
2053 2604 2352 2684 λογικῶς,
2410 2599 2563 2686 quid

353 2701 751 2790 significetur
795 2726 913 2789 per
951 2724 1311 2789 pronomen
1349 2699 1554 2767 αὐτοῦ
1593 2724 1663 2768 re
1701 2703 1957 2789 quidem
1993 2708 2129 2791 ipsa
2166 2705 2561 2771 manifestum

355 2815 469 2883 est,
512 2808 801 2875 nimirum
848 2802 925 2872 τὸ
971 2809 1034 2871 τί
1079 2796 1163 2885 ἦν
1209 2801 1391 2883 εἶναι,
1417 2804 1548 2871 ,sed
1587 2811 1989 2893 grammatice
2027 2813 2135 2893 qui
2164 2819 2379 2894 potest
2405 2808 2563 2887 fieri,

358 2914 477 2977 etsi
521 2910 856 2996 plurimum
902 2909 1200 2975 licentiae
1244 2912 1539 2994 scriptori
1593 2915 2018 2988 concesseris,
2076 2922 2147 2977 ut
2204 2930 2562 2996 pronomen

356 3011 563 3083 αὑτοῦ
608 3015 920 3081 referatur
963 3014 1043 3079 ad
1090 3013 1188 3092 id,
1244 3013 1418 3100 quod
1464 3024 1530 3079 et
1574 3013 1772 3101 longe
1817 3023 1965 3081 ante
2009 3027 2563 3081 commemoratum

356 3122 452 3198 sit,
500 3129 565 3184 et
610 3140 799 3203 quum
847 3117 970 3183 alia
1015 3116 1198 3203 plura
1239 3122 1366 3185 sint
1399 3121 1792 3204 interposita,
1829 3121 2139 3198 ὁ3-12,
2178 3140 2310 3185 non
2356 3121 2565 3205 possit
2669 3150 2675 3162 ·

355 3244 491 3289 non
523 3222 838 3290 oblivioni
871 3222 1081 3287 datum
1115 3226 1293 3289 esse?
1315 3258 1324 3265 ·
1350 3223 1621 3307 Utrique
1653 3221 2001 3289 offensioni
2031 3222 2273 3289 mederi
2302 3221 2452 3289 mihi
2474 3225 2565 3287 vi-

356 3349 463 3391 sus
503 3348 639 3393 sum
673 3326 832 3393 obs.
864 3350 923 3412 p.
961 3328 1087 3392 129
1118 3325 1614 3411 transponendis
1643 3326 1881 3391 verbis:
1927 3329 2063 3392 ἐπεὶ
2096 3323 2154 3391 δ’
2182 3333 2252 3391 ἐν
2282 3323 2448 3412 ἀρχῇ
2482 3360 2562 3381 -ι

358 3431 738 3515 θεωρητέον
767 3432 917 3516 περὶ
949 3427 1158 3495 αὐτοῦ
1188 3431 1273 3493 113
1304 3439 1455 3514 post
1483 3430 1646 3493 1³12:
1680 3422 1790 3493 διὰ
1824 3425 2071 3495 τούτων
2100 3428 2332 3494 αὐτῶν.
2378 3429 2565 3513 Quae

359 3532 613 3619 quidem
661 3536 1044 3611 coniectura,
1090 3556 1277 3617 quum
1325 3554 1448 3599 nee
1491 3555 1530 3597 e
1571 3531 1751 3599 libris
1796 3553 1989 3596 manu
2030 3535 2283 3617 scriptis
2324 3553 2446 3597 nec
2493 3552 2567 3596 ex

358 3636 724 3704 Alexandro
771 3636 1044 3723 aliquam
1086 3640 1295 3724 possit
1338 3646 1632 3723 repetere
1677 3639 1958 3703 veritatis
2004 3638 2307 3721 speciem,
2355 3644 2569 3699 tamen

356 3743 477 3805 viri
509 3740 874 3819 doctissimi,
907 3741 1229 3807 Leonardi
1261 3740 1566 3828 Spengel,
1603 3762 1867 3807 assensu
1895 3739 2196 3819 (Mfincli.
2230 3737 2376 3803 Gel.
2410 3738 2565 3807 Am.

362 3846 552 3911 1843.
586 3846 700 3910 Nr.
724 3846 898 3926 243)
943 3865 1076 3910 non
1109 3844 1493 3911 mediocrem
1533 3854 1717 3909 nacta
1759 3854 1854 3908 est
1892 3842 2521 3913 commendationem.

304 4027 308 4031 ‚
494 3949 699 4015 1029b
730 3951 814 4013 12
858 3950 996 4015 καὶ
1045 3988 1128 4000 --
1173 3951 1262 4015 22
1309 3955 1401 4015 ἕν.
1479 3950 1754 4014 Primum
1801 3948 2073 4030 λογικῶς
2115 3968 2185 4013 se
2220 3947 2570 4034 disputatu-

359 4076 496 4121 rum
543 4053 698 4119 dicit
741 4050 824 4118 de
866 4055 958 4135 τῷ
998 4054 1062 4117 τί
1097 4042 1181 4133 ἦν
1217 4047 1400 4131 εἶναι,
1443 4055 1591 4138 quia
1629 4050 1876 4117 orditur
1912 4074 1949 4116 a
1984 4050 2357 4117 definiendo
2395 4046 2569 4136 λόγῳ

360 4159 481 4225 τοῦ
521 4180 635 4237 τηε
682 4157 803 4239 (cf.
852 4156 934 4221 de
978 4178 1121 4221 voe.
1165 4151 1425 4241 λογικός
1470 4154 1549 4222 ad
1597 4157 1664 4221 Γ
1691 4158 1751 4221 3.
1800 4158 2003 4223 100512
2028 4158 2173 4236 22),
2219 4165 2286 4220 et
2327 4158 2415 4219 ita
2462 4153 2571 4218 de-

361 4283 530 4329 mum
581 4261 974 4349 distinguere
1018 4270 1228 4345 parat,
1282 4260 1386 4324 vel
1444 4282 1709 4345 quarum
1765 4280 1977 4325 rerum
2020 4262 2104 4324 sit
2143 4252 2221 4325 τὰ
2264 4280 2378 4338 τηε
2422 4277 2571 4343 qua·

362 4387 498 4431 rum
543 4386 696 4442 non,
742 4365 850 4431 vel
894 4362 1220 4451 quomodo
1267 4363 1346 4429 ad
1384 4362 1543 4428 illud
1586 4362 2103 4452 cognoscendum
2143 4364 2568 4451 perveniatur.

362 4469 448 4535 Et
491 4468 855 4557 significare
899 4468 1158 4554 quidem
1200 4461 1275 4532 τὸ
1318 4489 1434 4546 τηε
1478 4465 1633 4535 dicit
1675 4489 1811 4535 non
1854 4467 2205 4534 accidentia
2250 4490 2377 4533 nec
2417 4466 2572 4531 affe-
