3109 5175
1164 417 1211 485 I
1259 412 1320 487 1.
1404 412 1671 487 10530.
2372 415 2551 492 419·

315 586 512 653 bilem
559 587 724 653 banc
764 588 1349 674 interpretationem
1396 588 1552 670 dixi,
1612 599 1846 656 certam
1902 611 2035 657 non
2081 591 2288 658 babeo
2332 615 2515 680 quam

312 713 691 780 proponam.
766 690 1129 757 Alexander
1165 695 1372 759 statim
1411 692 1492 759 ab
1535 698 1721 761 initio
1761 696 1953 761 verba
2000 699 2072 760 ὲν
2114 703 2254 771 τοῖς
2295 692 2518 780 λόγοις

317 795 480 861 l'also
528 799 977 893 interpretatus
1021 796 1357 861 manifesto
1403 820 1440 861 a
1484 802 1752 864 veritate
1797 799 1997 887 longe
2042 798 2311 865 aberrat.

447 900 768 964 Reversus
816 898 1047 964 deinde
1094 894 1305 983 (οὕτω
1353 896 1436 981 δή
1478 904 1655 983 σ18)
1708 903 1789 969 ad
1835 901 2223 969 individuam
2267 925 2516 969 mensu-

314 1025 425 1069 rae
460 1014 744 1068 naturam
779 1005 1021 1083 iterum,
1058 1002 1231 1089 quod
1268 1025 1459 1090 supra
1493 1000 1613 1071 iam
1651 1011 1912 1086 monuit,
1952 1027 2088 1073 non
2125 1007 2348 1073 eodem
2378 1011 2516 1074 iure

312 1106 720 1173 sensibilibus
756 1109 1121 1192 quantitatis
1155 1111 1480 1186 mensuris,
1524 1111 1722 1176 veluti
1760 1111 1970 1176 lineae
2004 1110 2236 1198 pedali,
2280 1123 2348 1177 et
2379 1116 2518 1179 uni-

316 1215 427 1277 tati
473 1213 718 1276 numeri
761 1209 1147 1275 individuam
1193 1213 1502 1299 assignari
1545 1223 1830 1279 naturam
1880 1214 2163 1301 explieat,
2205 1216 2340 1281 021
2381 1237 2516 1301 sqq.

315 1318 404 1381 Et
446 1317 760 1380 sententia
805 1313 1058 1399 quidem
1103 1314 1446 1380 verborum
1487 1320 1641 1382 satis
1686 1328 1933 1404 aperta:
1986 1322 2192 1383 unitas
2240 1317 2520 1404 qualibet

316 1422 569 1485 ratione
627 1418 956 1483 individua
1010 1428 1131 1496 est,
1186 1440 1302 1504 pes
1357 1421 1445 1483 ita
1507 1418 1589 1484 ad
1646 1442 1748 1485 res
1792 1420 2126 1486 sensibiles
2169 1422 2539 1502 metiendas,

316 1522 678 1600 adhibetur,
736 1544 812 1586 ac
865 1525 921 1587 si
980 1531 1151 1586 esset
1206 1521 1591 1588 individuus.
1685 1526 1831 1590 Hoc
1888 1528 2054 1593 enim
2110 1525 2246 1590 fere
2305 1524 2520 1592 dicere

314 1625 599 1692 voluisse
645 1624 1052 1690 Aristotelem
1095 1625 1246 1690 inde
1292 1629 1737 1714 cognoscitur,
1785 1628 1962 1714 quod
2006 1627 2259 1694 adiecto
2306 1624 2520 1714 ὥσπερ

317 1728 570 1818 εἴρηται
611 1721 737 1808 ἤδη
779 1731 945 1807 α23,
1000 1734 1336 1816 superiora
1392 1728 1588 1794 verba
1636 1729 2005 1819 legentibus
2046 1735 2113 1796 in
2157 1736 2521 1798 memoriam

314 1842 580 1899 revocat
612 1833 813 1897 10521»
837 1835 952 1899 33:
990 1837 1280 1921 χρῶνται
1323 1829 1420 1910 ὡς
1464 1828 1742 1917 ἀτόμῳ
1785 1835 1864 1925 τῇ
1906 1836 2200 1919 ποδιαίᾳ,
2247 1846 2313 1900 et
2347 1834 2520 1922 quod

317 1938 623 2025 deinceps
668 1935 861 2015 addit,
907 1958 1020 2001 sua
1065 1947 1307 2015 natura,
1361 1946 1592 2022 utpote
1636 1941 2017 2015 continuam,
2058 1937 2287 2003 lineam
2330 1940 2524 2025 peda—

295 2043 443 2108 lem
492 2063 624 2107 non
672 2062 814 2105 esse
850 2039 1257 2106 individuam.
1333 2037 1533 2123 (ἴσως
1568 2041 1722 2119 024,
1767 2040 1845 2104 cf.
1878 2038 1959 2105 ad
1988 2041 2060 2104 A
2090 2043 2150 2109 5.
2184 2043 2351 2106 987⁶
2374 2043 2522 2122 26.)

317 2145 450 2212 Sed
508 2143 834 2231 quomodo
884 2164 921 2208 e
966 2142 1204 2207 verbis=
1255 2136 1332 2207 τὸ
1380 2140 1434 2207 δ’
1480 2147 1570 2220 εὶς
1621 2140 1965 2232 ἀδιαίρετα
2019 2137 2188 2231 πρὸς
2244 2138 2364 2224 τὴν
2419 2141 2525 2210 αἵ.

319 2251 575 2329 σθησιν
620 2248 854 2325 ἐθέλει,
900 2245 1208 2312 eiusmodi
1248 2266 1472 2312 sensus
1510 2246 1619 2311 vel
1657 2246 1867 2334 aliqua
1907 2250 2169 2312 omnino
2210 2251 2524 2314 sententia

319 2352 465 2418 elici
502 2354 710 2437 possit
745 2349 851 2415 alii
885 2350 1177 2416 viderint.
1246 2351 1551 2415 Fortasse
1582 2353 1883 2438 scriptum
1916 2352 2059 2417 fuit:
2100 2343 2177 2417 τὸ
2216 2349 2276 2417 δ’
2309 2346 2528 2418 εἶναι

318 2453 760 2543 ἀδιαίρετον
813 2447 980 2542 πρὸς
1037 2447 1159 2533 τὴν
1214 2453 1541 2534 αἴσθησιν
1598 2457 1846 2534 ἐθέλει,
1903 2455 2077 2542 quod
2137 2458 2528 2520 consentiret

320 2582 462 2625 cum
517 2558 728 2625 verbis
786 2557 1224 2646 superioribus
1265 2560 1385 2623 62:
1444 2563 1514 2624 ἐν
1570 2568 1711 2637 τοῖς
1768 2552 1995 2638 ἄλλοις
2049 2561 2405 2645 μιμοῦνται
2446 2552 2526 2623 τὸ

318 2666 637 2731 τοιοῦτον.

451 2768 753 2831 Mensura
811 2764 1092 2830 eiusdem
1150 2768 1402 2853 generis
1460 2778 1559 2831 est
1615 2769 1957 2850 (συγγενές
2002 2768 2165 2845 σ24,
2226 2765 2304 2831 cf.
2350 2764 2418 2830 B
2464 2766 2525 2830 1.

318 2873 482 2937 995⁶
523 2873 624 2935 12.
685 2870 772 2934 Μ
811 2871 870 2933 l.
918 2870 1127 2934 1076a
1168 2871 1295 2952 18)
1350 2879 1537 2956 atque
1583 2868 1648 2933 id
1696 2868 1870 2954 quod
1915 2861 2339 2947 mensuratur}
2396 2866 2530 2932 vel-

319 2979 412 3042 uti
456 2971 909 3061 magnitudinis
954 2972 1327 3061 magnitudo
1373 2994 1667 3042 mensura
1714 2982 1825 3050 est,
1877 2976 2205 3061 gravitatis
2250 2974 2525 3060 gravitas

321 3089 387 3146 et
427 3077 671 3164 reliqua
719 3075 1024 3141 similiter.
1114 3077 1206 3141 Ita
1265 3079 1572 3141 unitatum
1630 3080 1836 3142 unitas
1897 3075 2166 3141 dicenda
2214 3086 2314 3142 est
2354 3097 2527 3140 men-

322 3204 485 3261 sura,
529 3201 741 3267 neque
772 3201 928 3245 vero
957 3201 1362 3245 numerorum
1392 3201 1719 3245 numerus:
1764 3182 1980 3245 καίτοι
2014 3181 2155 3259 ἔδει,
2194 3185 2248 3245 εὶ
2285 3171 2529 3265 ὁμοίως

321 3288 487 3365 α28,
541 3285 602 3349 h.
645 3306 699 3350 e.
745 3285 960 3348 καίτοι
1005 3286 1132 3350 ἔδει
1176 3280 1543 3368 λαμβάνειν
1585 3277 1711 3350 τὸν.
1747 3277 2053 3370 ἀριθμὸν
2106 3288 2347 3371 μέτρον
2396 3283 2530 3347 τῶν

322 3388 656 3478 ἀριθμῶν,
703 3393 756 3453 sl
794 3384 1039 3472 ὁμοίως
1074 3390 1177 3454 ἐπὶ
1214 3383 1425 3472 τούτῳ
1463 3409 1533 3452 τε
1572 3384 1697 3471 εἶχε
1736 3389 1849 3451 καὶ
1888 3385 1988 3451 ἐπ’
2023 3389 2305 3464 ἐκείνοις.
2364 3385 2530 3472 Qui·-

320 3496 441 3561 bus
481 3493 692 3559 verbis
731 3491 965 3557 deinde
999 3495 1297 3578 opponit:
1345 3489 1493 3556 ἀλλ’
1533 3487 1651 3575 οὐχ
1696 3486 1940 3574 ὁμοίως
1981 3486 2159 3569 ἀξιοῖ
2196 3491 2330 3554 κτλ.
2377 3490 2437 3552 b.
2472 3510 2528 3553 e.

323 3619 730 3664 numerorum
777 3599 885 3682 qui
929 3617 1260 3662 numerum
1299 3617 1653 3661 mensuram
1704 3613 1845 3658 esse
1890 3591 2066 3671 dicit,
2122 3591 2376 3658 videtur
2418 3591 2530 3656 ille

328 3701 582 3789 quidem
627 3700 916 3766 similiter
959 3711 1234 3765 statuere
1280 3711 1468 3787 atque
1512 3702 1581 3763 in
1628 3695 1926 3784 exemplis
1971 3706 2157 3766 antea
2192 3695 2416 3774 allatis,
2461 3716 2532 3760 re

325 3816 535 3872 autem
594 3826 744 3870 vera
800 3825 935 3871 non
980 3807 1198 3870 statuit
1241 3804 1583 3880 similiter3·
1612 3822 1913 3868 numerus
1961 3805 2156 3880 enim,
2213 3798 2365 3865 licet
2410 3802 2534 3863 sin-

323 3909 533 4000 gulari
577 3909 862 3975 nominis·
898 3909 1100 3973 forma
1145 3909 1560 3996 significetur,
1602 3918 1811 3972 tamen
1857 3903 2321 3971 multitudinem
2355 3905 2422 3968 in
2463 3923 2535 3968 se

326 4012 827 4101 comprehendit,
870 4016 1160 4079 nimirum
1204 4017 1545 4089 unitatum3
1594 4032 1793 4098 quare
1835 4030 2246 4075 numerorum
2290 4010 2348 4074 si
2391 4009 2534 4094 quis

323 4140 652 4184 numerum
699 4117 943 4184 diceret
983 4139 1354 4196 mensuram,
1406 4115 1635 4182 eodem
1679 4119 1817 4180 iure
1861 4117 2170 4180 unitatum
2216 4133 2352 4178 non
2398 4113 2536 4178 uni·

325 4233 522 4288 tatem
566 4222 679 4287 sed
726 4225 999 4287 unitates
1043 4220 1436 4287 contendere
1482 4219 1753 4286 deberet
1794 4240 2149 4283 mensuram
2197 4238 2358 4281 esse.

460 4327 801 4393 scientiam
856 4326 970 4398 vel,
1015 4346 1267 4390 sensum
1313 4327 1370 4390 si
1412 4324 1675 4390 dicimus
1719 4345 1927 4390 rernm
1976 4344 2118 4388 esse
2161 4338 2538 4393 mensuram,

326 4432 485 4510 031,
528 4430 610 4496 ad
655 4452 786 4494 rem
830 4430 1028 4518 longe
1075 4428 1386 4494 diversam
1431 4449 1766 4496 mensurae
1810 4448 2044 4492 nomen
2086 4421 2537 4497 transferimus,

328 4557 408 4602 ea
449 4556 578 4600 una
621 4538 874 4600 ratione
918 4533 1177 4599 adducti
1221 4530 1396 4619 quod
1443 4542 1510 4598 et
1549 4553 1668 4619 per
1707 4551 2069 4598 mensuram
2099 4537 2166 4592 et
2194 4547 2310 4613 per
2336 4525 2538 4590 scien-

2025 4633 2135 4690 27·
