3109 5175
1217 375 1279 447 Θ
1331 373 1394 447 l.
1480 372 1748 448 10460.
2437 372 2584 448 379

374 554 460 617 ris
504 551 925 640 significatur,
984 551 1061 617 of.
1105 552 1169 618 8.
1220 552 1427 619 10500
1464 552 1580 617 22:
1640 544 1745 616 διὰ
1799 552 1910 617 καὶ
1956 545 2250 634 τὀῧνομα
2296 553 2584 638 ἐνέργεια

376 657 632 739 λέγεται
671 647 844 721 κατὰ
885 649 964 719 τὸ
1009 657 1221 742 ἔργον.
2319 643 2339 656 ‘

510 758 607 822 Ac
640 761 907 844 primum
945 757 1201 844 quidem
1235 758 1316 823 de
1352 763 1640 845 potentia
1677 758 1961 845 disputat
1990 781 2129 846 cap.
2155 760 2370 824 1—5.
2431 757 2585 823 Eius

380 861 535 928 duas
575 861 908 949 distinguit
946 865 1266 941 notiones,
1313 884 1574 948 quarum
1613 861 1812 929 altera
1848 866 2111 929 maxime
2146 864 2471 950 propriam
2510 883 2588 929 ao

378 964 759 1052 peculiarem
803 969 1130 1051 potentiae
1177 975 1460 1032 naturam
1507 970 1849 1045 contineat,
1894 967 2006 1032 sed
2053 967 2137 1032 ad
2179 968 2365 1032 huius
2403 964 2588 1030 disci·

378 1068 593 1155 plinae
632 1069 983 1150 consilium,
1026 1069 1110 1136 ad
1148 1070 1662 1158 cognoscendam
1700 1073 1962 1157 primam
1999 1070 2433 1148 substantiam,
2476 1072 2588 1134 mi-

380 1194 498 1237 nus
536 1175 871 1258 pertineat,
913 1170 958 1253 ἡ
1002 1166 1175 1238 κατὰ
1216 1175 1472 1254 κίνησιν
1507 1170 1783 1259 δύναμις
1824 1178 1932 1240 ⁸2.
1998 1174 2132 1241 Sed
2167 1196 2360 1260 quum
2396 1172 2586 1239 latius

378 1285 594 1362 pateat
626 1280 958 1362 potentiae
998 1287 1063 1342 et
1099 1287 1274 1343 actus
1312 1289 1535 1344 natura
1572 1280 1719 1362 (ἐπὶ
1761 1280 1963 1343 πλέον
2005 1280 2145 1343 ἐστι’
2185 1281 2334 1357 al),
2379 1298 2588 1363 neque

381 1383 791 1447 contineatur
834 1384 1001 1446 intra
1045 1380 1213 1447 fines
1258 1405 1472 1449 earum
1515 1404 1723 1447 rerum
1770 1403 1935 1468 quae
1977 1391 2330 1460 moventur,
2374 1380 2455 1446 de
2501 1380 2590 1443 al-

381 1494 518 1551 tera
573 1487 904 1571 potentiae
963 1489 1232 1551 notione
1287 1487 1377 1552 ihi
1433 1508 1503 1551 se
1566 1485 2023 1572 explicaturum
2076 1488 2418 1573 promittit,
2482 1482 2592 1549 ubi

381 1599 558 1654 aetus
593 1591 924 1654 notionem
960 1601 1256 1675 exponat,
1294 1593 1403 1669 a3,
1441 1590 1521 1654 ef.
1552 1592 1615 1653 6.
1648 1591 1859 1654 104&
1881 1591 1988 1656 27.
2055 1589 2276 1676 Itaque
2308 1587 2590 1655 voluisse

382 1692 635 1779 quidem
662 1703 928 1780 apparet
951 1693 1359 1760 Aristotelem
1393 1693 1524 1760 duo
1556 1696 1886 1780 potentiae
1913 1715 2152 1781 genera
2179 1692 2589 1781 distinguere,

382 1795 499 1863 sed
529 1820 719 1884 quum
752 1808 1105 1863 accuratam
1137 1809 1202 1863 et
1231 1798 1588 1864 distinctam
1623 1796 2062 1863 definitionem
2095 1796 2355 1863 alterius
2390 1796 2587 1861 modo

383 1904 640 1988 generis
682 1904 1108 1989 proposuerit,
1150 1904 1270 1982 τῆς
1311 1902 1482 1968 κατὰ
1525 1904 1783 1981 κίνησιν
1826 1897 2175 1985 δυνάμεως,
2221 1922 2405 1986 quam
2450 1921 2591 1966 esse

301 2035 312 2039 >
382 2003 522 2070 vult
565 2001 778 2092 ἀρχὴν
819 2006 1195 2090 μεταβολῆς
1241 2010 1309 2071 ἐν
1354 2000 1535 2089 ἄλλῳ
1579 1999 1624 2085 ἢ
1664 1996 1707 2097 ᾖ
1752 1998 1935 2082 ἄλλο,
1980 2004 2246 2070 alterum
2286 2025 2443 2068 vero
2482 2025 2592 2092 ge-
2714 2060 2723 2071 .

383 2130 502 2173 nus
560 2130 696 2174 non
754 2109 1119 2174 definiverit
1178 2108 1292 2173 sed
1357 2111 1658 2197 exemplis
1715 2107 2033 2173 illustrare
2092 2110 2245 2173 satis
2302 2108 2594 2174 babuerit

382 2214 445 2279 6.
494 2212 705 2279 1048«
741 2215 825 2280 27
867 2236 1036 2300 sqq„
1092 2213 1420 2298 quomodo
1469 2236 1542 2279 ea
1591 2215 1723 2280 duo
1769 2233 2007 2300 genera
2050 2211 2333 2278 voluerit
2374 2212 2593 2277 distin-

381 2337 581 2405 guere
624 2338 760 2383 non
804 2316 1074 2404 perinde
1119 2328 1216 2383 est
1261 2329 1567 2404 apertum.
1647 2316 1923 2382 Videtur
1965 2328 2173 2382 autem
2218 2319 2436 2403 priore
2477 2335 2593 2402 po-

384 2423 621 2486 tentiae
668 2443 910 2508 genere
954 2423 1080 2486 vim
1126 2421 1439 2508 quandam
1480 2435 1545 2487 et
1578 2424 1761 2508 quasi
1794 2423 2001 2485 nisum
2035 2419 2416 2508 significare,
2461 2440 2591 2506 quo

384 2524 540 2611 quid
596 2524 678 2591 ad
737 2524 1137 2594 efficiendam
1195 2525 1317 2592 alia
1373 2529 1441 2592 in
1492 2547 1562 2591 re
1606 2523 1712 2590 vel
1752 2524 2185 2611 accipiendam
2230 2521 2311 2589 ab
2354 2523 2477 2589 alia
2520 2545 2593 2590 re

384 2632 796 2695 mutationem
854 2630 1158 2696 idoneum
1219 2642 1345 2708 est;
1405 2632 1528 2697 huc
1587 2639 1651 2695 et
1696 2649 1931 2694 nomen
1972 2632 2278 2713 pertinet:
2332 2624 2377 2708 ἡ
2420 2620 2593 2694 κατὰ

386 2734 641 2812 κίνησιν
684 2729 988 2819 δύναμις,
1046 2734 1107 2798 h.
1146 2758 1200 2800 e.
1246 2739 1533 2822 potentia
1581 2753 1743 2819 quae
1788 2730 1995 2798 tendit
2035 2732 2118 2796 ad
2163 2741 2401 2796 motum
2458 2733 2593 2796 sive

384 2840 825 2917 mutationem,
872 2848 939 2903 et
982 2837 1306 2917 definitio,
1351 2859 1540 2925 quum
1588 2835 1839 2921 quidem
1887 2838 2172 2921 potentia
2214 2837 2593 2922 principium

387 2940 617 3008 dicitur
673 2963 815 3007 esse
871 2941 1187 3019 mutandi,
1246 2951 1312 3006 et
1369 2939 1642 3027 denique
1696 2937 1978 3024 exempla
2021 2938 2221 3004 veluti
2265 2941 2388 3004 τοῦ
2430 2941 2594 3026 θερ-

385 3046 704 3130 μαντικοῦ
749 3057 812 3111 et
854 3049 975 3111 τοῦ
1017 3045 1409 3131 &apuam-05
1421 3094 1438 3123 ,
1495 3047 1616 3110 τοῦ
1664 3040 1950 3126 ὑγιεινοῦ
1994 3052 2060 3107 et
2102 3043 2224 3108 τοῦ
2264 3038 2595 3126 trecenae,

386 3152 506 3215 τοῦ
562 3145 998 3232 ἐπιστήμονος
1054 3159 1122 3214 et
1177 3148 1297 3213 τοῦ
1353 3148 1704 3228 ἐπιστητοῦ
1759 3145 1883 3212 alia
1948 3145 2289 3225 eiusmodi,
2356 3149 2594 3233 quippe

386 3274 550 3338 quae
573 3255 798 3317 ,omnia
837 3251 1072 3339 agendi
1112 3250 1477 3338 patiendive
1516 3254 1723 3316 nisum
1761 3249 2074 3335 quendam
2110 3250 2471 3339 significare
2506 3253 2597 3316 vi-

388 3355 672 3434 deantur,
723 3360 807 3421 ita
854 3353 1106 3441 quidem
1153 3365 1224 3419 ut
1264 3358 1525 3420 mutatio
1575 3358 1846 3431 exsistat,
1892 3357 1960 3418 in
2003 3354 2194 3419 rebus
2238 3356 2596 3419 inanimatis

390 3471 578 3537 certe,
622 3458 998 3545 simulatque
1043 3462 1246 3524 activa
1288 3469 1353 3524 et
1387 3462 1638 3545 passiva
1678 3460 1973 3543 potentia
2013 3460 2297 3522 coierint.
2373 3457 2595 3523 Altero

389 3583 545 3628 vero
591 3567 919 3650 potentiae
971 3584 1228 3652 genere,
1274 3585 1462 3649 quum
1510 3561 1740 3628 dieitur
1782 3564 1851 3626 in
1894 3561 2074 3649 ligno
2119 3564 2411 3648 potentia
2454 3582 2597 3625 esse

389 3667 760 3746 MercuriuS,
805 3671 871 3733 in
910 3677 1046 3736 tota
1084 3667 1250 3732 linea
1286 3669 1574 3753 potentia
1604 3670 1814 3732 inesse
1844 3664 2122 3742 dimidia,
2166 3668 2227 3730 6.
2261 3666 2469 3731 1048·-
2493 3666 2599 3743 32,

387 3792 523 3837 non
557 3771 671 3837 ille
708 3794 896 3858 quem
940 3771 1206 3837 diximus
1241 3774 1414 3837 nisus
1451 3769 1869 3858 significatur,
1914 3773 2022 3856 qui
2057 3791 2171 3835 sua
2205 3781 2429 3834 natura
2464 3779 2599 3836 ten-

388 3873 499 3944 dat
541 3874 626 3940 ad
668 3879 1114 3955 mutationem,
1175 3897 1360 3961 quem
1407 3873 1661 3960 quidem
1704 3895 1917 3961 neque
1961 3877 2028 3938 in
2072 3873 2218 3939 rudi
2259 3871 2442 3961 ligno
2488 3891 2599 3937 ne-

389 4001 514 4067 que
558 3983 624 4048 in
668 3989 807 4046 tota
849 3979 1017 4045 linea
1064 3979 1330 4067 perinde
1374 3981 1682 4064 quispiam
1730 3981 1942 4043 inesse
1976 3980 2270 4043 statuerit
2306 3987 2497 4063 atque
2531 3978 2600 4041 in

388 4106 459 4149 re
504 4084 870 4150 calefac-,tiva
920 4106 995 4149 ae
1038 4083 1378 4161 similibus,
1433 4081 1548 4147 sed
1604 4084 1732 4148 hoc
1776 4104 1969 4150 unum
2015 4093 2303 4162 notatur,
2358 4102 2599 4167 posse

389 4186 628 4274 aliquid
667 4187 828 4254 fieri.
895 4186 1061 4268 Illud
1107 4190 1437 4274 potentiae
1482 4208 1688 4275 genus
1733 4185 2077 4252 vernaeule
2121 4186 2295 4256 dieas
2335 4186 2602 4251 Vento·-

385 4315 556 4378 3⁰¹⁸,
614 4293 743 4358 hoe
781 4288 1252 4376 Mogiza-lecit,
1309 4292 1385 4356 οἱ.
1433 4290 1616 4364 adA
1655 4293 1743 4355 12
1784 4293 1951 4367 init.;
2007 4288 2338 4354 vocabulis
2380 4307 2598 4372 parum

395 4397 634 4462 Latinis
674 4394 834 4461 illud
870 4397 1328 4482 potentiae,
1371 4395 1498 4458 hoc
1532 4394 2127 4481 possibilitatis
2164 4393 2423 4455 nomine
2458 4388 2601 4454 red-

400 4499 547 4566 dere
591 4498 795 4568 liceat.
891 4502 988 4566 Ae
1042 4519 1234 4587 posse
1292 4497 1547 4584 quidem
1605 4500 1762 4565 haec
1806 4498 1938 4564 duo
1984 4491 2320 4580 δυνάμεως
2362 4515 2598 4582 genera
