3109 5175
608 373 755 448 526
1420 377 1525 447 Μ
1574 372 1635 447 l.
1719 371 1907 446 1076
1920 359 1989 445 ά.

609 561 863 638 tuperat
890 553 971 617 N
988 552 1047 616 3.
1084 552 1286 616 10906
1313 552 1425 626 13;
1473 551 1816 637 Speusippi
1862 571 1998 615 eam
2044 549 2240 617 fuisse
2268 549 2610 616 verisimile
2642 549 2839 615 vide—

607 655 779 720 bitur
823 654 1181 720 conferenti
1221 657 1282 719 Z
1305 657 1366 720 2.
1410 656 1614 720 1028ὺ
1637 656 1741 733 21,
1789 653 1868 718 cf.
1916 653 1998 718 ad
2043 654 2104 717 b.
2136 653 2178 718 l.
2270 654 2687 742 Tragoediae
2738 665 2837 719 te-

605 780 781 824 mere
827 771 893 824 et
934 759 1200 823 fortuito
1246 763 1657 846 compositae,
1701 760 1768 822 in
1813 780 1937 844 qua
1971 757 2262 845 singulae
2294 761 2564 823 actionis
2593 770 2837 845 partes

605 860 788 928 nullo
837 864 1003 926 inter
1046 885 1116 927 se
1161 884 1328 927 nexu
1367 865 1829 941 contineantur,
1875 860 2141 925 eandem
2174 861 2527 926 doctrinam
2560 884 2837 949 compa-

603 977 705 1031 rat
750 969 829 1032 N
865 966 905 1031 l.
942 965 1011 1030 l.:
1065 964 1183 1031 οὐκ
1225 968 1390 1031 ἔοικε
1433 963 1490 1030 δ’
1530 962 1575 1045 ἡ
1622 961 1818 1052 φύσις
1863 961 2319 1045 ἐπεισοδιώδης
2363 955 2549 1043 οὖσα,
2594 963 2833 1051 ὥσπερ

605 1065 927 1155 μοχθηρὰ
971 1069 1334 1156 τραγῳδία,
1381 1069 1460 1134 cf.
1503 1070 1687 1133 Poet.
1732 1071 1793 1133 9.
1840 1071 2043 1133 1451b
2080 1070 2197 1133 34:
2248 1071 2411 1151 λέγω
2456 1065 2517 1133 δ’
2557 1073 2831 1133 ἐπεισο-

607 1169 807 1252 διώδη
844 1174 1090 1258 μῦθον,
1127 1178 1199 1240 ὲν
1235 1162 1287 1256 ᾦ
1328 1165 1414 1235 τὰ
1451 1167 1784 1238 ἐπεισόδια
1819 1170 1960 1256 μετ’
1992 1166 2247 1251 ἄλληλα
2288 1165 2424 1236 οὔτ’
2457 1169 2628 1246 εἰκὸς
2667 1165 2819 1235 οὔτ’

604 1271 861 1359 ἀνάγκη
908 1274 1090 1341 εἶναι.
1140 1314 1217 1327 -
1263 1277 1353 1338 04
1401 1272 1518 1340 οὐκ
1563 1271 1838 1359 ἀγαθὸν
1882 1276 2016 1340 κτλ.
2105 1277 2292 1340 Hom.
2323 1274 2393 1339 ll.
2427 1275 2494 1339 Β
2530 1277 2686 1340 204.
2738 1275 2826 1340 cf.

608 1378 690 1444 de
719 1390 880 1464 part.
913 1400 1015 1442 an.
1046 1378 1135 1442 111
1173 1380 1231 1443 4.
1264 1379 1424 1442 665⁶
1450 1379 1560 1441 14:
1607 1374 1817 1464 ἀρχὴν
1851 1381 1921 1445 δὲ
1955 1375 2206 1445 τούτων
2242 1376 2611 1462 ἀναγκαῖον
2648 1377 2830 1443 εἶναι

603 1484 799 1566 μίαν·
848 1475 1017 1546 ὅπου
1057 1475 1186 1565 γὰρ
1231 1480 1554 1565 ἐνδέχεται
1596 1485 1760 1566 μίαν
1801 1485 2063 1567 βέλτιον
2100 1475 2143 1561 ἢ
2181 1478 2449 1558 πολλάς.
2508 1484 2676 1547 6660
2710 1485 2823 1547 14.

604 1586 789 1649 Hane
828 1596 1057 1663 autem,
1101 1606 1284 1670 quam
1330 1584 1673 1671 praedicat,
1723 1588 1944 1651 summi
1989 1587 2284 1671 principii
2328 1589 2629 1664 unitatem
2675 1607 2819 1651 non

603 1709 868 1779 prorsus
913 1691 1077 1754 tueri
1119 1691 1405 1775 potuisse
1453 1691 1559 1753 Ar.
1605 1711 1795 1776 supra
1840 1693 2062 1755 monui
2108 1688 2186 1753 ad
2233 1689 2295 1753 8.
2337 1691 2547 1755 10730
2570 1690 2676 1753 22.

1634 2076 1778 2174 M.

1530 2257 1757 2332 CAP.
1825 2258 1884 2331 I.

738 2401 854 2466 Ar.
901 2401 1332 2487 quaestionis,
1391 2423 1589 2486 quam
1640 2402 1953 2480 ἰησιίιοιίι,
2008 2400 2331 2464 rationem
2386 2398 2695 2466 describit
2748 2411 2812 2464 et

603 2505 908 2592 ningulus
951 2505 1416 2591 disputationis
1447 2516 1681 2590 partes
1722 2505 2095 2588 distinguit,
2143 2505 2354 2569 10760
2384 2504 2647 2568 8-32.

737 2626 953 2690 10760
978 2625 1022 2689 8
1056 2626 1240 2706 περὶ
1278 2663 1366 2675 -
1404 2626 1491 2688 22
1532 2642 1756 2712 φασι.
1829 2622 2149 2707 Quoniam
2185 2627 2565 2710 investigata
2605 2644 2808 2687 rerum

604 2727 995 2793 sensibilium
1042 2727 1391 2792 substantia
1438 2726 1868 2813 quaerendum
1918 2739 2013 2792 est
2058 2750 2204 2792 num
2252 2750 2374 2813 qua
2411 2730 2495 2790 sit
2527 2727 2812 2791 immobi-

607 2831 683 2897 lis
731 2843 798 2895 et
841 2840 1102 2895 aeterna
1147 2841 1404 2917 praeter
1447 2853 1549 2896 res
1596 2829 1928 2895 sensibiles
1980 2830 2327 2896 substantia
2376 2840 2443 2893 et
2484 2830 2688 2916 qualis
2734 2851 2810 2894 ea

605 2938 709 3014 sit,
770 2934 1140 3000 excutienda
1199 2939 1464 3022 primum
1527 2946 1691 3000 sunt.
1723 2955 1941 2998 eorum
1988 2933 2517 3021 philosophorum
2563 2932 2814 3020 placita,

606 3042 717 3125 qui
766 3037 1074 3103 eiusmodi
1119 3048 1476 3103 statuerunt
1520 3059 1661 3101 esse
1697 3037 2096 3115 substantias,
2133 3039 2443 3103 08-16.
2516 3039 2609 3101 Ac
2648 3035 2812 3101 duae

606 3139 858 3227 quidem
919 3149 1166 3203 exstant
1217 3162 1290 3204 ea
1338 3141 1419 3205 de
1463 3162 1533 3205 re
1579 3144 1967 3214 sententiae:
2028 3140 2137 3205 alii
2194 3145 2359 3206 enim
2419 3163 2520 3205 res
2576 3142 2816 3205 mathe-

602 3246 895 3320 maticas,
948 3241 1055 3307 alii
1099 3241 1277 3307 ideas
1319 3253 1632 3329 tamquam
1679 3244 2062 3310 substantias
2107 3256 2397 3309 aeternas
2439 3255 2813 3332 posuerunt,

604 3348 973 3420 016-19ς
1021 3343 1267 3410 accedit
1304 3346 1425 3411 alia
1464 3359 1798 3433 praeterea
1837 3351 2287 3414 sententiarum
2323 3352 2614 3426 varietaS,
2658 3369 2813 3434 quo-

602 3452 776 3514 niam
822 3448 904 3514 de
951 3448 1416 3537 distinguendis
1459 3454 1626 3516 inter
1669 3474 1737 3516 se
1777 3450 1881 3517 vel
1917 3452 2382 3540 coniungendis
2413 3451 2572 3517 ideis
2606 3462 2670 3516 et
2699 3474 2814 3517 nu-

604 3556 793 3618 meris
836 3554 1287 3618 mathematicis
1334 3556 1399 3617 in
1445 3553 1729 3618 diversas
1775 3554 1987 3641 partes
2033 3555 2265 3634 abiere,
2308 3557 2663 3621 019-22,

735 3657 843 3720 De
897 3659 1158 3722 materia
1215 3677 1428 3721 rerum
1484 3657 1877 3723 sensibilium
1940 3659 2114 3746 quod
2162 3659 2271 3723 Ar.
2316 3680 2389 3723 se
2443 3661 2811 3744 exposuisse

605 3759 759 3824 dicit
797 3763 917 3825 ⁰9:
963 3764 1033 3824 ἐν
1075 3762 1156 3850 τῇ
1197 3756 1474 3844 μεθόδῳ
1516 3765 1650 3827 τῶν
1695 3763 1990 3851 φυσικῶν
2035 3762 2154 3843 (cf.
2202 3762 2283 3826 de
2329 3782 2469 3826 voc.
2514 3762 2813 3845 μέθοδος

606 3862 687 3927 ad
725 3867 798 3927 A
832 3865 895 3927 2.
935 3864 1103 3928 9830
1134 3865 1291 3943 22),
1337 3862 1406 3927 id
1450 3863 1785 3929 manifesto
1832 3867 2108 3950 pertinet
2150 3864 2234 3928 ad
2276 3865 2473 3951 Phys.
2518 3865 2580 3939 1;
2637 3863 2810 3949 quod

606 3975 813 4030 autem
857 3963 1062 4028 addit:
1106 3960 1382 4052 ὕστερον
1426 3966 1494 4031 δὲ
1538 3969 1687 4054 περὶ
1732 3968 1850 4046 τῆς
1891 3963 2036 4030 κατ’
2076 3970 2431 4052 ἐνέργειαν,
2478 3987 2605 4053 quo
2652 3967 2812 4031 refe-

603 4078 778 4132 ratur
823 4064 1086 4130 dubium
1132 4079 1245 4131 est.
1322 4069 1547 4134 Potest
1583 4074 1748 4134 enim
1783 4069 1985 4134 videri
2022 4071 2126 4133 Ar.
2167 4070 2248 4134 ad
2290 4070 2490 4134 libros
2533 4072 2594 4133 Z
2620 4080 2686 4134 et
2712 4071 2810 4148 H,

605 4192 768 4256 quae
814 4169 1022 4235 Schw.
1084 4179 1179 4232 est
1236 4176 1582 4252 sententia,
1639 4183 1705 4237 et
1759 4173 2033 4237 fortasse
2093 4176 2279 4237 etiam
2337 4172 2418 4238 ad
2473 4172 2699 4239 librum
2756 4173 2814 4238 Θ

602 4274 890 4361 Metaph.
935 4275 1287 4358 respicere;
1340 4275 1454 4339 sed
1501 4275 1564 4340 id
1612 4298 1723 4342 cur
1768 4296 1902 4342 non
1946 4282 2027 4341 sit
2069 4275 2409 4340 verisimile
2455 4277 2812 4366 significavi

604 4399 668 4462 p.
702 4379 809 4443 27.
901 4377 1122 4462 Quare
1169 4377 1640 4444 assentiendum
1686 4383 1901 4466 potius
1947 4380 2225 4445 arbitror
2270 4379 2654 4458 Alexandro,
2705 4384 2813 4467 qui

604 4478 826 4544 eadem
871 4480 1143 4565 Physica
1188 4482 1288 4546 his
1329 4481 1543 4548 verbis
1590 4481 1857 4571 alleg-ari
1903 4493 2147 4562 censet,
2196 4505 2318 4548 nec
2362 4493 2571 4549 tamen
2618 4504 2810 4549 unum
