<?xml version="1.0" encoding="UTF-8"?>
<!DOCTYPE html PUBLIC "-//W3C//DTD XHTML 1.0 Transitional//EN"
    "http://www.w3.org/TR/xhtml1/DTD/xhtml1-transitional.dtd">
<html xmlns="http://www.w3.org/1999/xhtml" xml:lang="en" lang="en">
 <head>
  <title>
</title>
<meta http-equiv="Content-Type" content="text/html;charset=utf-8" />
  <meta name='ocr-system' content='tesseract 3.04.00' />
  <meta name='ocr-capabilities' content='ocr_page ocr_carea ocr_par ocr_line ocrx_word'/>
</head>
<body>
  <div class='ocr_page' id='page_1' title='image "aristotelismeta01bonigoog_0452.png"; bbox 0 0 3109 5175; ppageno 0'>
   <div class='ocr_carea' id='block_1_1' title="bbox 561 340 1916 421">
    <p class='ocr_par' dir='ltr' id='par_1_1' title="bbox 561 340 1916 421">
     <span class='ocr_line' id='line_1_1' title="bbox 561 340 1916 421; baseline -0.003 -1"><span class='ocrx_word' id='word_1_1' title='bbox 561 342 708 421; x_wconf 80' lang='lat'><strong>424</strong></span> <span class='ocrx_word' id='word_1_2' title='bbox 1411 347 1456 416; x_wconf 85' lang='grc' dir='ltr'><strong><em>Ι</em></strong></span> <span class='ocrx_word' id='word_1_3' title='bbox 1495 341 1569 417; x_wconf 75' lang='grc'><strong>3.</strong></span> <span class='ocrx_word' id='word_1_4' title='bbox 1649 340 1916 417; x_wconf 81' lang='grc' dir='ltr'><strong>1054α.</strong></span> 
     </span>
    </p>
   </div>
   <div class='ocr_carea' id='block_1_2' title="bbox 477 510 2797 4553">
    <p class='ocr_par' dir='ltr' id='par_1_2' title="bbox 477 510 2787 3099">
     <span class='ocr_line' id='line_1_2' title="bbox 564 510 2773 609; baseline -0.002 -21"><span class='ocrx_word' id='word_1_5' title='bbox 564 543 756 609; x_wconf 88' lang='lat' dir='ltr'><strong>quum</strong></span> <span class='ocrx_word' id='word_1_6' title='bbox 799 521 1106 587; x_wconf 80' lang='lat' dir='ltr'><strong>unitatem</strong></span> <span class='ocrx_word' id='word_1_7' title='bbox 1151 517 1415 586; x_wconf 79' lang='lat' dir='ltr'><strong>dicimus</strong></span> <span class='ocrx_word' id='word_1_8' title='bbox 1457 539 1605 585; x_wconf 85' lang='lat' dir='ltr'><strong>esse</strong></span> <span class='ocrx_word' id='word_1_9' title='bbox 1638 514 1717 585; x_wconf 79' lang='grc' dir='ltr'><strong>τὰ</strong></span> <span class='ocrx_word' id='word_1_10' title='bbox 1753 513 2146 605; x_wconf 74' lang='grc' dir='ltr'><strong><em>ἀδιαίρετον,</em></strong></span> <span class='ocrx_word' id='word_1_11' title='bbox 2188 515 2653 584; x_wconf 77' lang='lat' dir='ltr'><strong>multitudinem</strong></span> <span class='ocrx_word' id='word_1_12' title='bbox 2690 510 2773 584; x_wconf 78' lang='grc' dir='ltr'><strong>τὸ</strong></span> 
     </span>
     <span class='ocr_line' id='line_1_3' title="bbox 564 617 2773 716; baseline -0.002 -25"><span class='ocrx_word' id='word_1_13' title='bbox 564 618 893 712; x_wconf 77' lang='grc' dir='ltr'><strong><em>διαιρετόν</em></strong></span> <span class='ocrx_word' id='word_1_14' title='bbox 925 622 1034 690; x_wconf 89' lang='lat' dir='ltr'><strong>vel</strong></span> <span class='ocrx_word' id='word_1_15' title='bbox 1069 617 1147 690; x_wconf 77' lang='grc' dir='ltr'><strong>τὸ</strong></span> <span class='ocrx_word' id='word_1_16' title='bbox 1183 625 1591 716; x_wconf 71' lang='grc' dir='ltr'><em>διῃρημένον,</em></span> <span class='ocrx_word' id='word_1_17' title='bbox 1628 620 1709 688; x_wconf 88' lang='lat' dir='ltr'><strong>ad</strong></span> <span class='ocrx_word' id='word_1_18' title='bbox 1742 625 2253 688; x_wconf 75' lang='lat' dir='ltr'><strong>contrarietatem</strong></span> <span class='ocrx_word' id='word_1_19' title='bbox 2282 619 2618 688; x_wconf 74' lang='lat' dir='ltr'><strong>referenda</strong></span> <span class='ocrx_word' id='word_1_20' title='bbox 2652 631 2773 688; x_wconf 85' lang='lat' dir='ltr'><strong>est.</strong></span> 
     </span>
     <span class='ocr_line' id='line_1_4' title="bbox 566 720 2777 839; baseline -0.001 -46"><span class='ocrx_word' id='word_1_21' title='bbox 566 728 660 793; x_wconf 85' lang='lat' dir='ltr'><strong>Ac</strong></span> <span class='ocrx_word' id='word_1_22' title='bbox 701 737 924 815; x_wconf 85' lang='lat' dir='ltr'><strong>suapte</strong></span> <span class='ocrx_word' id='word_1_23' title='bbox 968 726 1225 814; x_wconf 89' lang='lat' dir='ltr'><strong>quidem</strong></span> <span class='ocrx_word' id='word_1_24' title='bbox 1268 736 1491 792; x_wconf 84' lang='lat' dir='ltr'><strong>natura</strong></span> <span class='ocrx_word' id='word_1_25' title='bbox 1536 720 1617 792; x_wconf 82' lang='grc' dir='ltr'><strong>τὸ</strong></span> <span class='ocrx_word' id='word_1_26' title='bbox 1659 723 2071 839; x_wconf 77' lang='grc' dir='ltr'><strong><em>ἀδιαίρετον</em></strong></span> <span class='ocrx_word' id='word_1_27' title='bbox 2120 735 2350 814; x_wconf 81' lang='lat' dir='ltr'><strong>utpote</strong></span> <span class='ocrx_word' id='word_1_28' title='bbox 2406 724 2777 812; x_wconf 83' lang='lat' dir='ltr'><strong>simplicius,</strong></span> 
     </span>
     <span class='ocr_line' id='line_1_5' title="bbox 565 829 2780 920; baseline -0.001 -23"><span class='ocrx_word' id='word_1_29' title='bbox 565 833 776 918; x_wconf 82' lang='lat' dir='ltr'><strong>aptius</strong></span> <span class='ocrx_word' id='word_1_30' title='bbox 833 841 934 896; x_wconf 85' lang='lat' dir='ltr'><strong>est</strong></span> <span class='ocrx_word' id='word_1_31' title='bbox 987 831 1068 897; x_wconf 89' lang='lat' dir='ltr'><strong>ad</strong></span> <span class='ocrx_word' id='word_1_32' title='bbox 1118 829 1669 920; x_wconf 82' lang='lat' dir='ltr'><strong>cognoscendum;</strong></span> <span class='ocrx_word' id='word_1_33' title='bbox 1725 829 1915 896; x_wconf 86' lang='lat' dir='ltr'><strong>nobis</strong></span> <span class='ocrx_word' id='word_1_34' title='bbox 1958 851 2147 910; x_wconf 88' lang='lat' dir='ltr'><strong>vero,</strong></span> <span class='ocrx_word' id='word_1_35' title='bbox 2204 832 2505 917; x_wconf 84' lang='lat' dir='ltr'><strong>quoniam</strong></span> <span class='ocrx_word' id='word_1_36' title='bbox 2550 850 2585 893; x_wconf 83' lang='lat' dir='ltr'><strong>a</strong></span> <span class='ocrx_word' id='word_1_37' title='bbox 2631 849 2780 895; x_wconf 84' lang='lat' dir='ltr'><strong>sen-</strong></span> 
     </span>
     <span class='ocr_line' id='line_1_6' title="bbox 564 927 2779 1024; baseline -0 -25"><span class='ocrx_word' id='word_1_38' title='bbox 564 957 743 1001; x_wconf 90' lang='lat' dir='ltr'><strong>suum</strong></span> <span class='ocrx_word' id='word_1_39' title='bbox 788 938 1204 1021; x_wconf 79' lang='lat' dir='ltr'><strong>perceptione</strong></span> <span class='ocrx_word' id='word_1_40' title='bbox 1248 938 1638 1024; x_wconf 79' lang='lat' dir='ltr'><strong>cognitionis</strong></span> <span class='ocrx_word' id='word_1_41' title='bbox 1683 936 2021 1022; x_wconf 89' lang='lat' dir='ltr'><strong>repetimus</strong></span> <span class='ocrx_word' id='word_1_42' title='bbox 2078 936 2423 1022; x_wconf 78' lang='lat' dir='ltr'><strong>orig-inem,</strong></span> <span class='ocrx_word' id='word_1_43' title='bbox 2479 927 2558 999; x_wconf 81' lang='grc' dir='ltr'><strong>τὸ</strong></span> <span class='ocrx_word' id='word_1_44' title='bbox 2603 933 2779 998; x_wconf 85' lang='grc' dir='ltr'><strong><em>διαι-</em></strong></span> 
     </span>
     <span class='ocr_line' id='line_1_7' title="bbox 563 1029 2778 1128; baseline -0.002 -23"><span class='ocrx_word' id='word_1_45' title='bbox 563 1033 758 1125; x_wconf 74' lang='grc' dir='ltr'><strong><em>ρετόν</em></strong></span> <span class='ocrx_word' id='word_1_46' title='bbox 816 1037 1063 1104; x_wconf 82' lang='lat' dir='ltr'><strong>facilius</strong></span> <span class='ocrx_word' id='word_1_47' title='bbox 1123 1043 1536 1128; x_wconf 75' lang='lat' dir='ltr'><strong>cognoscitur</strong></span> <span class='ocrx_word' id='word_1_48' title='bbox 1595 1039 1715 1118; x_wconf 86' lang='lat' dir='ltr'><strong>(cf.</strong></span> <span class='ocrx_word' id='word_1_49' title='bbox 1757 1031 1837 1105; x_wconf 82' lang='grc' dir='ltr'><strong>τὸ</strong></span> <span class='ocrx_word' id='word_1_50' title='bbox 1881 1032 2077 1126; x_wconf 73' lang='grc' dir='ltr'><strong><em>φύσει</em></strong></span> <span class='ocrx_word' id='word_1_51' title='bbox 2117 1057 2639 1123; x_wconf 78' lang='grc' dir='ltr'><strong><em>γνωριμωτερον,</em></strong></span> <span class='ocrx_word' id='word_1_52' title='bbox 2694 1029 2778 1101; x_wconf 79' lang='grc' dir='ltr'><strong>τὰ</strong></span> 
     </span>
     <span class='ocr_line' id='line_1_8' title="bbox 567 1135 2778 1226; baseline -0.001 -20"><span class='ocrx_word' id='word_1_53' title='bbox 567 1135 735 1226; x_wconf 81' lang='grc' dir='ltr'><strong><em>πρὸς</em></strong></span> <span class='ocrx_word' id='word_1_54' title='bbox 780 1139 954 1226; x_wconf 79' lang='grc' dir='ltr'><strong><em>ἡμᾶς</em></strong></span> <span class='ocrx_word' id='word_1_55' title='bbox 995 1165 1095 1226; x_wconf 78' lang='grc' dir='ltr'><strong>γν.</strong></span> <span class='ocrx_word' id='word_1_56' title='bbox 1140 1141 1224 1208; x_wconf 86' lang='lat' dir='ltr'><strong>ad</strong></span> <span class='ocrx_word' id='word_1_57' title='bbox 1270 1144 1333 1207; x_wconf 91' lang='lat' dir='ltr'><em>Z</em></span> <span class='ocrx_word' id='word_1_58' title='bbox 1369 1145 1432 1208; x_wconf 84' lang='grc'><strong>4.</strong></span> <span class='ocrx_word' id='word_1_59' title='bbox 1482 1144 1688 1209; x_wconf 70' lang='grc'><strong>10296</strong></span> <span class='ocrx_word' id='word_1_60' title='bbox 1726 1144 1833 1225; x_wconf 80' lang='grc'><strong>4).</strong></span> <span class='ocrx_word' id='word_1_61' title='bbox 1918 1139 2079 1207; x_wconf 86' lang='lat' dir='ltr'><strong>Inde</strong></span> <span class='ocrx_word' id='word_1_62' title='bbox 2122 1139 2199 1205; x_wconf 84' lang='lat' dir='ltr'><strong>fit</strong></span> <span class='ocrx_word' id='word_1_63' title='bbox 2241 1150 2313 1205; x_wconf 89' lang='lat' dir='ltr'><strong>ut</strong></span> <span class='ocrx_word' id='word_1_64' title='bbox 2356 1143 2544 1205; x_wconf 86' lang='lat' dir='ltr'><strong>etiam</strong></span> <span class='ocrx_word' id='word_1_65' title='bbox 2587 1142 2778 1205; x_wconf 89' lang='lat' dir='ltr'><strong>notio</strong></span> 
     </span>
     <span class='ocr_line' id='line_1_9' title="bbox 566 1241 2784 1335; baseline 0.001 -27"><span class='ocrx_word' id='word_1_66' title='bbox 566 1248 700 1328; x_wconf 77' lang='grc' dir='ltr'><strong>(τῷ</strong></span> <span class='ocrx_word' id='word_1_67' title='bbox 744 1241 920 1330; x_wconf 79' lang='grc' dir='ltr'><strong><em>λόγῳ</em></strong></span> <span class='ocrx_word' id='word_1_68' title='bbox 959 1247 1138 1328; x_wconf 69' lang='lat'>⁶28)</span> <span class='ocrx_word' id='word_1_69' title='bbox 1196 1247 1317 1313; x_wconf 87' lang='grc' dir='ltr'><strong>τοῦ</strong></span> <span class='ocrx_word' id='word_1_70' title='bbox 1371 1244 1751 1335; x_wconf 77' lang='grc' dir='ltr'><em>ἀδιαιρέτου</em></span> <span class='ocrx_word' id='word_1_71' title='bbox 1804 1267 1922 1332; x_wconf 91' lang='lat' dir='ltr'><strong>per</strong></span> <span class='ocrx_word' id='word_1_72' title='bbox 1977 1247 2392 1334; x_wconf 80' lang='lat' dir='ltr'><strong>negationem</strong></span> <span class='ocrx_word' id='word_1_73' title='bbox 2449 1242 2784 1333; x_wconf 82' lang='lat' dir='ltr'><strong>redigatur</strong></span> 
     </span>
     <span class='ocr_line' id='line_1_10' title="bbox 568 1347 2783 1438; baseline 0.001 -26"><span class='ocrx_word' id='word_1_74' title='bbox 568 1347 648 1413; x_wconf 89' lang='lat' dir='ltr'><strong>ad</strong></span> <span class='ocrx_word' id='word_1_75' title='bbox 694 1352 1022 1414; x_wconf 85' lang='lat' dir='ltr'><strong>notionem</strong></span> <span class='ocrx_word' id='word_1_76' title='bbox 1065 1351 1188 1416; x_wconf 83' lang='grc' dir='ltr'><strong>τοῦ</strong></span> <span class='ocrx_word' id='word_1_77' title='bbox 1228 1350 1577 1438; x_wconf 77' lang='grc' dir='ltr'><strong><em>διαιρετοῦ.</em></strong></span> <span class='ocrx_word' id='word_1_78' title='bbox 1607 1387 1696 1400; x_wconf 92' lang='grc'>-</span> <span class='ocrx_word' id='word_1_79' title='bbox 1742 1347 1844 1414; x_wconf 87' lang='lat' dir='ltr'><strong>Ad</strong></span> <span class='ocrx_word' id='word_1_80' title='bbox 1874 1350 2041 1414; x_wconf 85' lang='lat' dir='ltr'><strong>hanc</strong></span> <span class='ocrx_word' id='word_1_81' title='bbox 2068 1360 2279 1416; x_wconf 86' lang='lat' dir='ltr'><strong>autem</strong></span> <span class='ocrx_word' id='word_1_82' title='bbox 2312 1370 2612 1414; x_wconf 83' lang='lat' dir='ltr'><strong>summam</strong></span> <span class='ocrx_word' id='word_1_83' title='bbox 2643 1351 2783 1415; x_wconf 87' lang='lat' dir='ltr'><strong>uni-</strong></span> 
     </span>
     <span class='ocr_line' id='line_1_11' title="bbox 568 1451 2783 1542; baseline 0.001 -26"><span class='ocrx_word' id='word_1_84' title='bbox 568 1454 715 1516; x_wconf 83' lang='lat' dir='ltr'><strong>tatis</strong></span> <span class='ocrx_word' id='word_1_85' title='bbox 760 1462 827 1517; x_wconf 94' lang='lat' dir='ltr'><strong>et</strong></span> <span class='ocrx_word' id='word_1_86' title='bbox 868 1451 1287 1519; x_wconf 76' lang='lat' dir='ltr'><strong>multitudinis</strong></span> <span class='ocrx_word' id='word_1_87' title='bbox 1332 1457 1809 1542; x_wconf 89' lang='lat' dir='ltr'><strong>oppositionem</strong></span> <span class='ocrx_word' id='word_1_88' title='bbox 1858 1451 2196 1519; x_wconf 80' lang='lat' dir='ltr'><strong>referenda</strong></span> <span class='ocrx_word' id='word_1_89' title='bbox 2242 1473 2383 1519; x_wconf 80' lang='lat' dir='ltr'><strong>esse</strong></span> <span class='ocrx_word' id='word_1_90' title='bbox 2426 1451 2555 1517; x_wconf 84' lang='lat' dir='ltr'><strong>alia</strong></span> <span class='ocrx_word' id='word_1_91' title='bbox 2588 1473 2783 1539; x_wconf 87' lang='lat' dir='ltr'><strong>quae-</strong></span> 
     </span>
     <span class='ocr_line' id='line_1_12' title="bbox 570 1548 2783 1644; baseline 0 -23"><span class='ocrx_word' id='word_1_92' title='bbox 570 1555 713 1621; x_wconf 87' lang='lat' dir='ltr'><strong>dam</strong></span> <span class='ocrx_word' id='word_1_93' title='bbox 741 1559 1080 1623; x_wconf 87' lang='lat' dir='ltr'><strong>notionum</strong></span> <span class='ocrx_word' id='word_1_94' title='bbox 1108 1561 1302 1644; x_wconf 86' lang='lat' dir='ltr'><strong>paria,</strong></span> <span class='ocrx_word' id='word_1_95' title='bbox 1336 1557 1538 1624; x_wconf 84' lang='lat' dir='ltr'><strong>veluti</strong></span> <span class='ocrx_word' id='word_1_96' title='bbox 1572 1553 1652 1624; x_wconf 82' lang='grc' dir='ltr'>τὸ</span> <span class='ocrx_word' id='word_1_97' title='bbox 1688 1552 1894 1624; x_wconf 83' lang='grc' dir='ltr'><strong>ταύτό</strong></span> <span class='ocrx_word' id='word_1_98' title='bbox 1931 1567 1997 1622; x_wconf 88' lang='lat' dir='ltr'><strong>et</strong></span> <span class='ocrx_word' id='word_1_99' title='bbox 2027 1550 2105 1623; x_wconf 76' lang='grc' dir='ltr'><strong>τὰ</strong></span> <span class='ocrx_word' id='word_1_100' title='bbox 2143 1560 2383 1644; x_wconf 67' lang='grc' dir='ltr'><strong>ἕτερον,</strong></span> <span class='ocrx_word' id='word_1_101' title='bbox 2426 1548 2505 1621; x_wconf 76' lang='grc' dir='ltr'><strong>τὸ</strong></span> <span class='ocrx_word' id='word_1_102' title='bbox 2542 1550 2783 1640; x_wconf 80' lang='grc' dir='ltr'><strong><em>ὅμοιον</em></strong></span> 
     </span>
     <span class='ocr_line' id='line_1_13' title="bbox 570 1654 2781 1746; baseline 0 -21"><span class='ocrx_word' id='word_1_103' title='bbox 570 1669 637 1725; x_wconf 88' lang='lat' dir='ltr'><strong>et</strong></span> <span class='ocrx_word' id='word_1_104' title='bbox 668 1654 746 1726; x_wconf 82' lang='grc' dir='ltr'><strong>τὸ</strong></span> <span class='ocrx_word' id='word_1_105' title='bbox 778 1655 1114 1746; x_wconf 78' lang='grc' dir='ltr'><strong><em>ἀνόμοιον,</em></strong></span> <span class='ocrx_word' id='word_1_106' title='bbox 1156 1656 1234 1728; x_wconf 80' lang='grc' dir='ltr'><strong>τὸ</strong></span> <span class='ocrx_word' id='word_1_107' title='bbox 1279 1661 1428 1730; x_wconf 70' lang='grc' dir='ltr'><strong><em>ἴσον</em></strong></span> <span class='ocrx_word' id='word_1_108' title='bbox 1472 1671 1539 1728; x_wconf 89' lang='lat' dir='ltr'><strong>et</strong></span> <span class='ocrx_word' id='word_1_109' title='bbox 1578 1656 1659 1729; x_wconf 78' lang='grc' dir='ltr'><strong>τὸ</strong></span> <span class='ocrx_word' id='word_1_110' title='bbox 1703 1654 1940 1728; x_wconf 78' lang='grc' dir='ltr'><strong><em>ἄνισον</em></strong></span> <span class='ocrx_word' id='word_1_111' title='bbox 1976 1659 2126 1725; x_wconf 87' lang='lat' dir='ltr'><strong>alibi</strong></span> <span class='ocrx_word' id='word_1_112' title='bbox 2162 1664 2230 1726; x_wconf 89' lang='lat' dir='ltr'><strong>in</strong></span> <span class='ocrx_word' id='word_1_113' title='bbox 2271 1659 2452 1725; x_wconf 88' lang='lat' dir='ltr'><strong>libris</strong></span> <span class='ocrx_word' id='word_1_114' title='bbox 2486 1657 2568 1725; x_wconf 88' lang='lat' dir='ltr'><strong>de</strong></span> <span class='ocrx_word' id='word_1_115' title='bbox 2598 1658 2781 1726; x_wconf 90' lang='lat' dir='ltr'><strong>bono</strong></span> 
     </span>
     <span class='ocr_line' id='line_1_14' title="bbox 572 1761 2781 1858; baseline -0 -29"><span class='ocrx_word' id='word_1_116' title='bbox 572 1766 679 1829; x_wconf 85' lang='lat' dir='ltr'><strong>Ar.</strong></span> <span class='ocrx_word' id='word_1_117' title='bbox 720 1764 1178 1831; x_wconf 86' lang='lat' dir='ltr'><strong>demonstravit</strong></span> <span class='ocrx_word' id='word_1_118' title='bbox 1220 1768 1334 1848; x_wconf 76' lang='grc' dir='ltr'><strong>(ἐν</strong></span> <span class='ocrx_word' id='word_1_119' title='bbox 1375 1768 1453 1858; x_wconf 80' lang='grc' dir='ltr'><strong>τῇ</strong></span> <span class='ocrx_word' id='word_1_120' title='bbox 1498 1767 1809 1853; x_wconf 70' lang='grc' dir='ltr'><strong><em>διαιρέσει</em></strong></span> <span class='ocrx_word' id='word_1_121' title='bbox 1849 1765 1982 1830; x_wconf 73' lang='grc' dir='ltr'><strong>τῶν</strong></span> <span class='ocrx_word' id='word_1_122' title='bbox 2025 1766 2340 1831; x_wconf 62' lang='lat' dir='ltr'><strong>&amp;vamme</strong></span> <span class='ocrx_word' id='word_1_123' title='bbox 2376 1763 2532 1842; x_wconf 71' lang='lat'><strong>⁶3⁰,</strong></span> <span class='ocrx_word' id='word_1_124' title='bbox 2578 1762 2659 1827; x_wconf 79' lang='lat' dir='ltr'><strong>cf.</strong></span> <span class='ocrx_word' id='word_1_125' title='bbox 2696 1761 2781 1828; x_wconf 89' lang='lat' dir='ltr'><strong>ad</strong></span> 
     </span>
     <span class='ocr_line' id='line_1_15' title="bbox 571 1866 2786 1956; baseline 0 -22"><span class='ocrx_word' id='word_1_126' title='bbox 571 1868 640 1934; x_wconf 89' lang='grc' dir='ltr'><strong><em>Γ</em></strong></span> <span class='ocrx_word' id='word_1_127' title='bbox 658 1870 721 1933; x_wconf 81' lang='grc'><strong>2.</strong></span> <span class='ocrx_word' id='word_1_128' title='bbox 755 1869 965 1934; x_wconf 75' lang='grc' dir='ltr'><strong>1004α</strong></span> <span class='ocrx_word' id='word_1_129' title='bbox 988 1872 1103 1953; x_wconf 80' lang='grc'><strong>2);</strong></span> <span class='ocrx_word' id='word_1_130' title='bbox 1147 1874 1269 1936; x_wconf 87' lang='lat' dir='ltr'><strong>iam</strong></span> <span class='ocrx_word' id='word_1_131' title='bbox 1313 1869 1562 1956; x_wconf 76' lang='lat' dir='ltr'><strong>aliquot</strong></span> <span class='ocrx_word' id='word_1_132' title='bbox 1606 1891 1678 1935; x_wconf 82' lang='lat' dir='ltr'><strong>ex</strong></span> <span class='ocrx_word' id='word_1_133' title='bbox 1722 1868 1821 1933; x_wconf 88' lang='lat' dir='ltr'><strong>his</strong></span> <span class='ocrx_word' id='word_1_134' title='bbox 1867 1867 2239 1934; x_wconf 84' lang='lat' dir='ltr'><strong>notionibus</strong></span> <span class='ocrx_word' id='word_1_135' title='bbox 2282 1866 2542 1932; x_wconf 87' lang='lat' dir='ltr'><strong>uberius</strong></span> <span class='ocrx_word' id='word_1_136' title='bbox 2586 1866 2786 1954; x_wconf 84' lang='lat' dir='ltr'><strong>expli—</strong></span> 
     </span>
     <span class='ocr_line' id='line_1_16' title="bbox 573 1967 2784 2061; baseline 0 -24"><span class='ocrx_word' id='word_1_137' title='bbox 573 1983 693 2037; x_wconf 83' lang='lat' dir='ltr'><strong>cat.</strong></span> <span class='ocrx_word' id='word_1_138' title='bbox 732 2010 812 2024; x_wconf 89' lang='lat'>—</span> <span class='ocrx_word' id='word_1_139' title='bbox 851 1973 989 2039; x_wconf 68' lang='lat'><strong>024</strong></span> <span class='ocrx_word' id='word_1_140' title='bbox 1035 1967 1221 2040; x_wconf 79' lang='grc' dir='ltr'><strong><em>οὔτε</em></strong></span> <span class='ocrx_word' id='word_1_141' title='bbox 1265 1997 1381 2041; x_wconf 91' lang='lat' dir='ltr'><strong>cur</strong></span> <span class='ocrx_word' id='word_1_142' title='bbox 1421 1974 1780 2061; x_wconf 83' lang='lat' dir='ltr'><strong>scripserim</strong></span> <span class='ocrx_word' id='word_1_143' title='bbox 1827 1993 1968 2038; x_wconf 89' lang='lat' dir='ltr'><strong>cum</strong></span> <span class='ocrx_word' id='word_1_144' title='bbox 2011 1971 2157 2038; x_wconf 90' lang='lat' dir='ltr'><strong>cod.</strong></span> <span class='ocrx_word' id='word_1_145' title='bbox 2193 1971 2284 2037; x_wconf 65' lang='lat' dir='ltr'><strong>Ab</strong></span> <span class='ocrx_word' id='word_1_146' title='bbox 2325 1981 2393 2037; x_wconf 91' lang='lat' dir='ltr'><strong>et</strong></span> <span class='ocrx_word' id='word_1_147' title='bbox 2428 1969 2609 2036; x_wconf 79' lang='lat' dir='ltr'><strong>Alex.</strong></span> <span class='ocrx_word' id='word_1_148' title='bbox 2658 1991 2784 2057; x_wconf 91' lang='lat' dir='ltr'><strong>pro</strong></span> 
     </span>
     <span class='ocr_line' id='line_1_17' title="bbox 573 2072 2787 2166; baseline 0.001 -29"><span class='ocrx_word' id='word_1_149' title='bbox 573 2075 746 2165; x_wconf 81' lang='lat' dir='ltr'><strong>vulg.</strong></span> <span class='ocrx_word' id='word_1_150' title='bbox 790 2072 1043 2143; x_wconf 71' lang='grc' dir='ltr'><strong><em>τούτων</em></strong></span> <span class='ocrx_word' id='word_1_151' title='bbox 1087 2090 1155 2144; x_wconf 91' lang='lat' dir='ltr'><strong>et</strong></span> <span class='ocrx_word' id='word_1_152' title='bbox 1193 2101 1358 2166; x_wconf 91' lang='lat' dir='ltr'><strong>quae</strong></span> <span class='ocrx_word' id='word_1_153' title='bbox 1400 2089 1733 2166; x_wconf 88' lang='lat' dir='ltr'><strong>praeterea</strong></span> <span class='ocrx_word' id='word_1_154' title='bbox 1777 2075 2120 2141; x_wconf 88' lang='lat' dir='ltr'><strong>videantur</strong></span> <span class='ocrx_word' id='word_1_155' title='bbox 2168 2078 2234 2142; x_wconf 91' lang='lat' dir='ltr'><strong>in</strong></span> <span class='ocrx_word' id='word_1_156' title='bbox 2280 2073 2510 2141; x_wconf 82' lang='lat' dir='ltr'><strong>ordine</strong></span> <span class='ocrx_word' id='word_1_157' title='bbox 2552 2074 2787 2140; x_wconf 87' lang='lat' dir='ltr'><strong>verbo-</strong></span> 
     </span>
     <span class='ocr_line' id='line_1_18' title="bbox 573 2178 2786 2269; baseline 0 -25"><span class='ocrx_word' id='word_1_158' title='bbox 573 2201 708 2245; x_wconf 91' lang='lat' dir='ltr'><strong>rum</strong></span> <span class='ocrx_word' id='word_1_159' title='bbox 754 2181 1053 2247; x_wconf 88' lang='lat' dir='ltr'><strong>mutanda</strong></span> <span class='ocrx_word' id='word_1_160' title='bbox 1099 2205 1258 2262; x_wconf 88' lang='lat' dir='ltr'><strong>esse,</strong></span> <span class='ocrx_word' id='word_1_161' title='bbox 1303 2185 1571 2269; x_wconf 83' lang='lat' dir='ltr'><strong>exposui</strong></span> <span class='ocrx_word' id='word_1_162' title='bbox 1599 2181 1761 2249; x_wconf 81' lang='lat' dir='ltr'><strong>obs.</strong></span> <span class='ocrx_word' id='word_1_163' title='bbox 1804 2202 1867 2267; x_wconf 91' lang='lat' dir='ltr'><strong>p.</strong></span> <span class='ocrx_word' id='word_1_164' title='bbox 1896 2181 2044 2245; x_wconf 88' lang='grc'><strong>101.</strong></span> <span class='ocrx_word' id='word_1_165' title='bbox 2120 2179 2249 2245; x_wconf 87' lang='lat' dir='ltr'><strong>Sed</strong></span> <span class='ocrx_word' id='word_1_166' title='bbox 2293 2178 2467 2245; x_wconf 86' lang='lat' dir='ltr'><strong>haud</strong></span> <span class='ocrx_word' id='word_1_167' title='bbox 2512 2180 2651 2244; x_wconf 81' lang='lat' dir='ltr'><strong>scio</strong></span> <span class='ocrx_word' id='word_1_168' title='bbox 2698 2200 2786 2244; x_wconf 85' lang='lat' dir='ltr'><strong>an</strong></span> 
     </span>
     <span class='ocr_line' id='line_1_19' title="bbox 576 2283 2784 2374; baseline 0 -28"><span class='ocrx_word' id='word_1_169' title='bbox 576 2283 830 2371; x_wconf 83' lang='lat' dir='ltr'><strong>vulgata</strong></span> <span class='ocrx_word' id='word_1_170' title='bbox 879 2284 1074 2351; x_wconf 89' lang='lat' dir='ltr'><strong>lectio</strong></span> <span class='ocrx_word' id='word_1_171' title='bbox 1119 2287 1271 2352; x_wconf 81' lang='lat' dir='ltr'><strong>ferri</strong></span> <span class='ocrx_word' id='word_1_172' title='bbox 1315 2288 1546 2374; x_wconf 88' lang='lat' dir='ltr'><strong>possit,</strong></span> <span class='ocrx_word' id='word_1_173' title='bbox 1590 2289 1645 2350; x_wconf 86' lang='lat' dir='ltr'><strong>si</strong></span> <span class='ocrx_word' id='word_1_174' title='bbox 1692 2286 2218 2371; x_wconf 68' lang='lat' dir='ltr'><strong>reputaverimuS,</strong></span> <span class='ocrx_word' id='word_1_175' title='bbox 2270 2285 2784 2349; x_wconf 77' lang='lat' dir='ltr'><strong>contrarietatem</strong></span> 
     </span>
     <span class='ocr_line' id='line_1_20' title="bbox 574 2385 2787 2474; baseline -0 -23"><span class='ocrx_word' id='word_1_176' title='bbox 574 2386 657 2452; x_wconf 91' lang='lat' dir='ltr'><strong>ad</strong></span> <span class='ocrx_word' id='word_1_177' title='bbox 702 2391 1123 2474; x_wconf 85' lang='lat' dir='ltr'><strong>privationem</strong></span> <span class='ocrx_word' id='word_1_178' title='bbox 1168 2393 1255 2455; x_wconf 90' lang='lat' dir='ltr'><strong>ita</strong></span> <span class='ocrx_word' id='word_1_179' title='bbox 1300 2389 1541 2467; x_wconf 82' lang='lat' dir='ltr'><strong>referri,</strong></span> <span class='ocrx_word' id='word_1_180' title='bbox 1590 2399 1663 2454; x_wconf 90' lang='lat' dir='ltr'><strong>ut</strong></span> <span class='ocrx_word' id='word_1_181' title='bbox 1706 2390 2175 2455; x_wconf 83' lang='lat' dir='ltr'><strong>contrarietatis</strong></span> <span class='ocrx_word' id='word_1_182' title='bbox 2219 2399 2443 2454; x_wconf 87' lang='lat' dir='ltr'><strong>natura</strong></span> <span class='ocrx_word' id='word_1_183' title='bbox 2487 2390 2556 2452; x_wconf 88' lang='lat' dir='ltr'><strong>in</strong></span> <span class='ocrx_word' id='word_1_184' title='bbox 2590 2385 2787 2473; x_wconf 88' lang='lat' dir='ltr'><strong>plena</strong></span> 
     </span>
     <span class='ocr_line' id='line_1_21' title="bbox 576 2492 2787 2580; baseline 0 -25"><span class='ocrx_word' id='word_1_185' title='bbox 576 2512 652 2555; x_wconf 91' lang='lat' dir='ltr'><strong>ac</strong></span> <span class='ocrx_word' id='word_1_186' title='bbox 694 2492 980 2577; x_wconf 83' lang='lat' dir='ltr'><strong>perfecta</strong></span> <span class='ocrx_word' id='word_1_187' title='bbox 1030 2503 1327 2559; x_wconf 88' lang='lat' dir='ltr'><strong>cernatur</strong></span> <span class='ocrx_word' id='word_1_188' title='bbox 1377 2495 1767 2580; x_wconf 83' lang='lat' dir='ltr'><strong>privatione,</strong></span> <span class='ocrx_word' id='word_1_189' title='bbox 1823 2492 1902 2558; x_wconf 77' lang='lat' dir='ltr'><strong>cf.</strong></span> <span class='ocrx_word' id='word_1_190' title='bbox 1946 2494 2008 2559; x_wconf 83' lang='lat'><strong>4.</strong></span> <span class='ocrx_word' id='word_1_191' title='bbox 2054 2493 2258 2558; x_wconf 73' lang='lat'>105512</span> <span class='ocrx_word' id='word_1_192' title='bbox 2297 2493 2399 2571; x_wconf 82' lang='lat'><strong>14,</strong></span> <span class='ocrx_word' id='word_1_193' title='bbox 2441 2493 2549 2558; x_wconf 79' lang='lat'><strong>26.</strong></span> <span class='ocrx_word' id='word_1_194' title='bbox 2638 2492 2787 2557; x_wconf 88' lang='lat' dir='ltr'><strong>Hoc</strong></span> 
     </span>
     <span class='ocr_line' id='line_1_22' title="bbox 578 2593 2784 2676; baseline 0 -16"><span class='ocrx_word' id='word_1_195' title='bbox 578 2600 743 2662; x_wconf 89' lang='lat' dir='ltr'><strong>enim</strong></span> <span class='ocrx_word' id='word_1_196' title='bbox 791 2599 899 2664; x_wconf 86' lang='lat' dir='ltr'><strong>Ar.</strong></span> <span class='ocrx_word' id='word_1_197' title='bbox 944 2596 1200 2663; x_wconf 88' lang='lat' dir='ltr'><strong>videtur</strong></span> <span class='ocrx_word' id='word_1_198' title='bbox 1242 2598 1483 2664; x_wconf 89' lang='lat' dir='ltr'><strong>dicere:</strong></span> <span class='ocrx_word' id='word_1_199' title='bbox 1544 2597 1810 2664; x_wconf 87' lang='lat' dir='ltr'><strong>alterum</strong></span> <span class='ocrx_word' id='word_1_200' title='bbox 1856 2619 1932 2663; x_wconf 84' lang='lat' dir='ltr'><strong>ex</strong></span> <span class='ocrx_word' id='word_1_201' title='bbox 1974 2597 2074 2662; x_wconf 87' lang='lat' dir='ltr'><strong>his</strong></span> <span class='ocrx_word' id='word_1_202' title='bbox 2119 2593 2405 2676; x_wconf 83' lang='grc' dir='ltr'><strong><em>(τούτων</em></strong></span> <span class='ocrx_word' id='word_1_203' title='bbox 2447 2598 2612 2675; x_wconf 70' lang='lat'><strong>⁶24,</strong></span> <span class='ocrx_word' id='word_1_204' title='bbox 2666 2599 2784 2661; x_wconf 89' lang='lat' dir='ltr'><strong>int.</strong></span> 
     </span>
     <span class='ocr_line' id='line_1_23' title="bbox 477 2697 2786 2789; baseline -0 -25"><span class='ocrx_word' id='word_1_205' title='bbox 477 2767 480 2772; x_wconf 69' lang='grc'><strong>,</strong></span> <span class='ocrx_word' id='word_1_206' title='bbox 576 2703 696 2765; x_wconf 86' lang='grc' dir='ltr'><strong>τοῦ</strong></span> <span class='ocrx_word' id='word_1_207' title='bbox 737 2702 1067 2787; x_wconf 80' lang='grc' dir='ltr'><strong><em>διαιρετοῦ</em></strong></span> <span class='ocrx_word' id='word_1_208' title='bbox 1107 2703 1220 2768; x_wconf 83' lang='grc' dir='ltr'><strong>καὶ</strong></span> <span class='ocrx_word' id='word_1_209' title='bbox 1261 2704 1383 2768; x_wconf 84' lang='grc' dir='ltr'><strong>τοῦ</strong></span> <span class='ocrx_word' id='word_1_210' title='bbox 1425 2699 1844 2789; x_wconf 76' lang='grc' dir='ltr'><strong><em>ἀδιαιρέτου)</em></strong></span> <span class='ocrx_word' id='word_1_211' title='bbox 1892 2703 2190 2788; x_wconf 87' lang='lat' dir='ltr'><strong>quoniam</strong></span> <span class='ocrx_word' id='word_1_212' title='bbox 2240 2713 2335 2766; x_wconf 87' lang='lat' dir='ltr'><strong>est</strong></span> <span class='ocrx_word' id='word_1_213' title='bbox 2378 2703 2655 2787; x_wconf 86' lang='lat' dir='ltr'><strong>privatio</strong></span> <span class='ocrx_word' id='word_1_214' title='bbox 2694 2697 2786 2764; x_wconf 86' lang='lat' dir='ltr'><strong>al-</strong></span> 
     </span>
     <span class='ocr_line' id='line_1_24' title="bbox 578 2803 2787 2894; baseline 0 -26"><span class='ocrx_word' id='word_1_215' title='bbox 578 2807 799 2885; x_wconf 85' lang='lat' dir='ltr'><strong>terius,</strong></span> <span class='ocrx_word' id='word_1_216' title='bbox 858 2816 922 2871; x_wconf 90' lang='lat' dir='ltr'><strong>et</strong></span> <span class='ocrx_word' id='word_1_217' title='bbox 964 2806 1154 2894; x_wconf 89' lang='lat' dir='ltr'><strong>plena</strong></span> <span class='ocrx_word' id='word_1_218' title='bbox 1206 2806 1458 2893; x_wconf 90' lang='lat' dir='ltr'><strong>quidem</strong></span> <span class='ocrx_word' id='word_1_219' title='bbox 1503 2809 1780 2893; x_wconf 84' lang='lat' dir='ltr'><strong>privatio</strong></span> <span class='ocrx_word' id='word_1_220' title='bbox 1837 2807 2006 2888; x_wconf 83' lang='lat' dir='ltr'><strong>(hoc</strong></span> <span class='ocrx_word' id='word_1_221' title='bbox 2052 2808 2215 2871; x_wconf 90' lang='lat' dir='ltr'><strong>enim</strong></span> <span class='ocrx_word' id='word_1_222' title='bbox 2263 2816 2434 2870; x_wconf 86' lang='lat' dir='ltr'><strong>esset</strong></span> <span class='ocrx_word' id='word_1_223' title='bbox 2478 2803 2787 2891; x_wconf 86' lang='lat' dir='ltr'><strong>supplen-</strong></span> 
     </span>
     <span class='ocr_line' id='line_1_25' title="bbox 580 2903 2785 2997; baseline 0 -25"><span class='ocrx_word' id='word_1_224' title='bbox 580 2906 724 2974; x_wconf 88' lang='lat' dir='ltr'><strong>dum</strong></span> <span class='ocrx_word' id='word_1_225' title='bbox 741 2914 782 2988; x_wconf 89' lang='lat'><strong>),</strong></span> <span class='ocrx_word' id='word_1_226' title='bbox 825 2903 903 2976; x_wconf 87' lang='grc' dir='ltr'><strong>τὸ</strong></span> <span class='ocrx_word' id='word_1_227' title='bbox 947 2909 1050 2976; x_wconf 82' lang='grc' dir='ltr'><strong>ἀδ.</strong></span> <span class='ocrx_word' id='word_1_228' title='bbox 1099 2920 1165 2975; x_wconf 91' lang='lat' dir='ltr'><strong>et</strong></span> <span class='ocrx_word' id='word_1_229' title='bbox 1205 2905 1283 2975; x_wconf 82' lang='grc' dir='ltr'><strong>τὸ</strong></span> <span class='ocrx_word' id='word_1_230' title='bbox 1328 2911 1524 2997; x_wconf 84' lang='grc' dir='ltr'><strong><em>διαιρ.</em></strong></span> <span class='ocrx_word' id='word_1_231' title='bbox 1573 2914 1887 2976; x_wconf 86' lang='lat' dir='ltr'><strong>contraria</strong></span> <span class='ocrx_word' id='word_1_232' title='bbox 1933 2913 2099 2976; x_wconf 91' lang='lat' dir='ltr'><strong>inter</strong></span> <span class='ocrx_word' id='word_1_233' title='bbox 2128 2930 2197 2973; x_wconf 86' lang='lat' dir='ltr'><strong>se</strong></span> <span class='ocrx_word' id='word_1_234' title='bbox 2229 2919 2392 2988; x_wconf 83' lang='lat' dir='ltr'><strong>sunt,</strong></span> <span class='ocrx_word' id='word_1_235' title='bbox 2437 2929 2645 2994; x_wconf 89' lang='lat' dir='ltr'><strong>neque</strong></span> <span class='ocrx_word' id='word_1_236' title='bbox 2678 2906 2785 2973; x_wconf 83' lang='lat' dir='ltr'><strong>vel</strong></span> 
     </span>
     <span class='ocr_line' id='line_1_26' title="bbox 579 3012 2576 3099; baseline 0.001 -23"><span class='ocrx_word' id='word_1_237' title='bbox 579 3012 660 3077; x_wconf 89' lang='lat' dir='ltr'><strong>ad</strong></span> <span class='ocrx_word' id='word_1_238' title='bbox 705 3014 1272 3079; x_wconf 76' lang='lat' dir='ltr'><strong>contradictionem</strong></span> <span class='ocrx_word' id='word_1_239' title='bbox 1319 3014 1424 3078; x_wconf 86' lang='lat' dir='ltr'><strong>vel</strong></span> <span class='ocrx_word' id='word_1_240' title='bbox 1471 3013 1550 3078; x_wconf 88' lang='lat' dir='ltr'><strong>ad</strong></span> <span class='ocrx_word' id='word_1_241' title='bbox 1598 3014 1973 3079; x_wconf 84' lang='lat' dir='ltr'><strong>relationem</strong></span> <span class='ocrx_word' id='word_1_242' title='bbox 2020 3013 2243 3078; x_wconf 82' lang='lat' dir='ltr'><strong>referri</strong></span> <span class='ocrx_word' id='word_1_243' title='bbox 2287 3023 2576 3099; x_wconf 84' lang='lat' dir='ltr'><strong>possunt.</strong></span> 
     </span>
    </p>

    <p class='ocr_par' dir='ltr' id='par_1_3' title="bbox 577 3110 2797 4553">
     <span class='ocr_line' id='line_1_27' title="bbox 711 3110 2790 3202; baseline -0.001 -21"><span class='ocrx_word' id='word_1_244' title='bbox 711 3123 792 3196; x_wconf 83' lang='lat' dir='ltr'><strong>a)</strong></span> <span class='ocrx_word' id='word_1_245' title='bbox 842 3119 1050 3184; x_wconf 78' lang='lat'>1054·</span> <span class='ocrx_word' id='word_1_246' title='bbox 1075 3119 1355 3182; x_wconf 70' lang='lat'><strong><em>33-113</em></strong></span> <span class='ocrx_word' id='word_1_247' title='bbox 1399 3110 1489 3181; x_wconf 82' lang='grc' dir='ltr'><strong>τὸ</strong></span> <span class='ocrx_word' id='word_1_248' title='bbox 1533 3112 1855 3183; x_wconf 82' lang='grc' dir='ltr'><strong>ταύτόν.</strong></span> <span class='ocrx_word' id='word_1_249' title='bbox 1926 3115 2231 3182; x_wconf 84' lang='lat' dir='ltr'><strong>Identitas</strong></span> <span class='ocrx_word' id='word_1_250' title='bbox 2269 3129 2428 3202; x_wconf 90' lang='lat' dir='ltr'><strong>quot</strong></span> <span class='ocrx_word' id='word_1_251' title='bbox 2456 3115 2662 3181; x_wconf 84' lang='lat' dir='ltr'><strong>modis</strong></span> <span class='ocrx_word' id='word_1_252' title='bbox 2692 3114 2790 3180; x_wconf 90' lang='lat' dir='ltr'><strong>di-</strong></span> 
     </span>
     <span class='ocr_line' id='line_1_28' title="bbox 579 3216 2789 3308; baseline 0 -25"><span class='ocrx_word' id='word_1_253' title='bbox 579 3230 759 3284; x_wconf 88' lang='lat' dir='ltr'><strong>catur</strong></span> <span class='ocrx_word' id='word_1_254' title='bbox 815 3224 1250 3308; x_wconf 83' lang='lat' dir='ltr'><strong>expositurus,</strong></span> <span class='ocrx_word' id='word_1_255' title='bbox 1303 3242 1494 3307; x_wconf 86' lang='lat' dir='ltr'><strong>quum</strong></span> <span class='ocrx_word' id='word_1_256' title='bbox 1553 3220 1709 3285; x_wconf 86' lang='lat' dir='ltr'><strong>dicit</strong></span> <span class='ocrx_word' id='word_1_257' title='bbox 1753 3222 1891 3286; x_wconf 66' lang='lat' dir='ltr'><strong>An:</strong></span> <span class='ocrx_word' id='word_1_258' title='bbox 1949 3223 2301 3307; x_wconf 70' lang='grc' dir='ltr'><strong><em>λεγομένου</em></strong></span> <span class='ocrx_word' id='word_1_259' title='bbox 2353 3221 2423 3286; x_wconf 73' lang='grc' dir='ltr'><strong>δὲ</strong></span> <span class='ocrx_word' id='word_1_260' title='bbox 2464 3223 2586 3286; x_wconf 84' lang='grc' dir='ltr'><strong>τοῦ</strong></span> <span class='ocrx_word' id='word_1_261' title='bbox 2627 3216 2789 3284; x_wconf 86' lang='grc' dir='ltr'><strong>ταύ-</strong></span> 
     </span>
     <span class='ocr_line' id='line_1_29' title="bbox 580 3319 2789 3412; baseline 0.001 -25"><span class='ocrx_word' id='word_1_262' title='bbox 580 3326 702 3389; x_wconf 85' lang='grc' dir='ltr'><strong>τοῦ</strong></span> <span class='ocrx_word' id='word_1_263' title='bbox 741 3326 1100 3410; x_wconf 79' lang='grc' dir='ltr'><strong><em>πολλαχῶς,</em></strong></span> <span class='ocrx_word' id='word_1_264' title='bbox 1147 3326 1322 3407; x_wconf 84' lang='grc' dir='ltr'><strong><em>[καὶ]</em></strong></span> <span class='ocrx_word' id='word_1_265' title='bbox 1368 3328 1483 3390; x_wconf 76' lang='grc' dir='ltr'><strong>ἕνα</strong></span> <span class='ocrx_word' id='word_1_266' title='bbox 1526 3325 1647 3408; x_wconf 78' lang='grc' dir='ltr'><strong>μὲν</strong></span> <span class='ocrx_word' id='word_1_267' title='bbox 1686 3319 1935 3412; x_wconf 83' lang='grc' dir='ltr'><strong><em>τρόπον</em></strong></span> <span class='ocrx_word' id='word_1_268' title='bbox 1977 3321 2123 3389; x_wconf 77' lang='grc' dir='ltr'><strong>κατ’</strong></span> <span class='ocrx_word' id='word_1_269' title='bbox 2162 3319 2466 3412; x_wconf 74' lang='grc' dir='ltr'><strong><em>ἀριθμὸν</em></strong></span> <span class='ocrx_word' id='word_1_270' title='bbox 2510 3324 2789 3407; x_wconf 78' lang='grc' dir='ltr'><strong><em>λέγομεν</em></strong></span> 
     </span>
     <span class='ocr_line' id='line_1_30' title="bbox 579 3423 2789 3509; baseline 0.001 -19"><span class='ocrx_word' id='word_1_271' title='bbox 579 3428 785 3491; x_wconf 72' lang='grc' dir='ltr'><strong><em>ἐνίοτε</em></strong></span> <span class='ocrx_word' id='word_1_272' title='bbox 830 3423 1013 3506; x_wconf 85' lang='grc' dir='ltr'><strong>αὐτό,</strong></span> <span class='ocrx_word' id='word_1_273' title='bbox 1055 3440 1226 3495; x_wconf 88' lang='lat' dir='ltr'><strong>recte</strong></span> <span class='ocrx_word' id='word_1_274' title='bbox 1260 3427 1465 3494; x_wconf 82' lang='lat' dir='ltr'><strong>Bekk.</strong></span> <span class='ocrx_word' id='word_1_275' title='bbox 1510 3439 1765 3493; x_wconf 88' lang='lat' dir='ltr'><strong>secutus</strong></span> <span class='ocrx_word' id='word_1_276' title='bbox 1813 3427 1954 3493; x_wconf 90' lang='lat' dir='ltr'><strong>cod.</strong></span> <span class='ocrx_word' id='word_1_277' title='bbox 1989 3428 2075 3509; x_wconf 82' lang='lat' dir='ltr'><strong>E,</strong></span> <span class='ocrx_word' id='word_1_278' title='bbox 2121 3428 2469 3493; x_wconf 84' lang='lat' dir='ltr'><strong>accedente</strong></span> <span class='ocrx_word' id='word_1_279' title='bbox 2517 3426 2789 3493; x_wconf 87' lang='lat' dir='ltr'><strong>Alexan-</strong></span> 
     </span>
     <span class='ocr_line' id='line_1_31' title="bbox 579 3527 2790 3619; baseline 0.001 -25"><span class='ocrx_word' id='word_1_280' title='bbox 579 3527 678 3594; x_wconf 90' lang='lat' dir='ltr'><strong>dri</strong></span> <span class='ocrx_word' id='word_1_281' title='bbox 714 3553 775 3616; x_wconf 89' lang='lat' dir='ltr'><strong>p.</strong></span> <span class='ocrx_word' id='word_1_282' title='bbox 802 3533 948 3609; x_wconf 81' lang='lat'><strong>588,</strong></span> <span class='ocrx_word' id='word_1_283' title='bbox 979 3535 1022 3598; x_wconf 87' lang='lat'><strong>5</strong></span> <span class='ocrx_word' id='word_1_284' title='bbox 1053 3555 1188 3619; x_wconf 87' lang='lat' dir='ltr'><strong>sqq.</strong></span> <span class='ocrx_word' id='word_1_285' title='bbox 1235 3544 1300 3598; x_wconf 92' lang='lat' dir='ltr'><strong>et</strong></span> <span class='ocrx_word' id='word_1_286' title='bbox 1329 3534 1508 3598; x_wconf 85' lang='lat' dir='ltr'><strong>Bess.</strong></span> <span class='ocrx_word' id='word_1_287' title='bbox 1553 3535 1948 3610; x_wconf 86' lang='lat' dir='ltr'><strong>auctoritate,</strong></span> <span class='ocrx_word' id='word_1_288' title='bbox 1989 3532 2359 3618; x_wconf 84' lang='lat' dir='ltr'><strong>particulam</strong></span> <span class='ocrx_word' id='word_1_289' title='bbox 2397 3532 2512 3596; x_wconf 79' lang='grc' dir='ltr'><strong>καί</strong></span> <span class='ocrx_word' id='word_1_290' title='bbox 2548 3553 2790 3617; x_wconf 84' lang='lat' dir='ltr'><strong>expun-</strong></span> 
     </span>
     <span class='ocr_line' id='line_1_32' title="bbox 579 3634 2791 3723; baseline 0.001 -24"><span class='ocrx_word' id='word_1_291' title='bbox 579 3634 853 3722; x_wconf 80' lang='lat' dir='ltr'><strong>gendam</strong></span> <span class='ocrx_word' id='word_1_292' title='bbox 900 3640 1163 3714; x_wconf 83' lang='lat' dir='ltr'><strong>censuit,</strong></span> <span class='ocrx_word' id='word_1_293' title='bbox 1207 3657 1373 3723; x_wconf 87' lang='lat' dir='ltr'><strong>quae</strong></span> <span class='ocrx_word' id='word_1_294' title='bbox 1412 3658 1663 3702; x_wconf 89' lang='lat' dir='ltr'><strong>omnem</strong></span> <span class='ocrx_word' id='word_1_295' title='bbox 1697 3636 2013 3702; x_wconf 87' lang='lat' dir='ltr'><strong>enunciati</strong></span> <span class='ocrx_word' id='word_1_296' title='bbox 2043 3637 2613 3703; x_wconf 85' lang='lat' dir='ltr'><strong>conformationem</strong></span> <span class='ocrx_word' id='word_1_297' title='bbox 2647 3659 2791 3723; x_wconf 87' lang='lat' dir='ltr'><strong>per-</strong></span> 
     </span>
     <span class='ocr_line' id='line_1_33' title="bbox 579 3737 2789 3826; baseline 0.001 -23"><span class='ocrx_word' id='word_1_298' title='bbox 579 3738 812 3804; x_wconf 85' lang='lat' dir='ltr'><strong>turbat.</strong></span> <span class='ocrx_word' id='word_1_299' title='bbox 885 3740 1016 3806; x_wconf 89' lang='lat' dir='ltr'><strong>Sed</strong></span> <span class='ocrx_word' id='word_1_300' title='bbox 1061 3762 1136 3805; x_wconf 82' lang='lat' dir='ltr'><strong>ex</strong></span> <span class='ocrx_word' id='word_1_301' title='bbox 1184 3740 1411 3807; x_wconf 90' lang='lat' dir='ltr'><strong>eodem</strong></span> <span class='ocrx_word' id='word_1_302' title='bbox 1456 3739 1604 3807; x_wconf 91' lang='lat' dir='ltr'><strong>cod.</strong></span> <span class='ocrx_word' id='word_1_303' title='bbox 1634 3740 1706 3805; x_wconf 76' lang='lat' dir='ltr'><em>E</em></span> <span class='ocrx_word' id='word_1_304' title='bbox 1741 3750 1806 3806; x_wconf 90' lang='lat' dir='ltr'><strong>et</strong></span> <span class='ocrx_word' id='word_1_305' title='bbox 1842 3737 1988 3804; x_wconf 87' lang='lat' dir='ltr'><strong>cod.</strong></span> <span class='ocrx_word' id='word_1_306' title='bbox 2023 3737 2087 3802; x_wconf 78' lang='lat' dir='ltr'><em>T</em></span> <span class='ocrx_word' id='word_1_307' title='bbox 2117 3744 2418 3826; x_wconf 83' lang='lat' dir='ltr'><strong>proximis</strong></span> <span class='ocrx_word' id='word_1_308' title='bbox 2458 3743 2528 3806; x_wconf 87' lang='lat' dir='ltr'><strong>in</strong></span> <span class='ocrx_word' id='word_1_309' title='bbox 2572 3740 2789 3806; x_wconf 86' lang='lat' dir='ltr'><strong>verbis</strong></span> 
     </span>
     <span class='ocr_line' id='line_1_34' title="bbox 577 3837 2789 3931; baseline 0.001 -23"><span class='ocrx_word' id='word_1_310' title='bbox 577 3844 715 3908; x_wconf 68' lang='lat'><strong>⁶34</strong></span> <span class='ocrx_word' id='word_1_311' title='bbox 763 3842 966 3908; x_wconf 84' lang='lat' dir='ltr'><strong>Bekk.</strong></span> <span class='ocrx_word' id='word_1_312' title='bbox 1013 3837 1101 3908; x_wconf 84' lang='grc' dir='ltr'><strong>τὸ</strong></span> <span class='ocrx_word' id='word_1_313' title='bbox 1145 3841 1206 3909; x_wconf 86' lang='grc' dir='ltr'><strong>δ’</strong></span> <span class='ocrx_word' id='word_1_314' title='bbox 1249 3865 1369 3931; x_wconf 89' lang='lat' dir='ltr'><strong>pro</strong></span> <span class='ocrx_word' id='word_1_315' title='bbox 1415 3845 1663 3910; x_wconf 79' lang='grc' dir='ltr'><strong><em>τοῦτο</em></strong></span> <span class='ocrx_word' id='word_1_316' title='bbox 1709 3840 1767 3909; x_wconf 84' lang='grc' dir='ltr'><strong>δ’</strong></span> <span class='ocrx_word' id='word_1_317' title='bbox 1807 3845 2092 3929; x_wconf 89' lang='lat' dir='ltr'><strong>recipere</strong></span> <span class='ocrx_word' id='word_1_318' title='bbox 2148 3843 2440 3910; x_wconf 86' lang='lat' dir='ltr'><strong>debebat.</strong></span> <span class='ocrx_word' id='word_1_319' title='bbox 2533 3845 2789 3910; x_wconf 90' lang='lat' dir='ltr'><strong>Etenim</strong></span> 
     </span>
     <span class='ocr_line' id='line_1_35' title="bbox 579 3944 2791 4037; baseline 0.001 -27"><span class='ocrx_word' id='word_1_320' title='bbox 579 3949 636 4010; x_wconf 90' lang='lat' dir='ltr'><strong>si</strong></span> <span class='ocrx_word' id='word_1_321' title='bbox 678 3947 874 4012; x_wconf 86' lang='grc' dir='ltr'><strong><em>τοῦτο</em></strong></span> <span class='ocrx_word' id='word_1_322' title='bbox 913 3944 972 4012; x_wconf 87' lang='grc' dir='ltr'><strong>δ’</strong></span> <span class='ocrx_word' id='word_1_323' title='bbox 1013 3947 1297 4037; x_wconf 75' lang='lat' dir='ltr'><strong>legimuS,</strong></span> <span class='ocrx_word' id='word_1_324' title='bbox 1339 3948 1535 4014; x_wconf 75' lang='lat' dir='ltr'><strong>«hoc</strong></span> <span class='ocrx_word' id='word_1_325' title='bbox 1580 3958 1776 4026; x_wconf 76' lang='lat' dir='ltr'><strong>est»,</strong></span> <span class='ocrx_word' id='word_1_326' title='bbox 1818 3946 1984 4013; x_wconf 88' lang='lat' dir='ltr'><strong>idem</strong></span> <span class='ocrx_word' id='word_1_327' title='bbox 2015 3946 2246 4013; x_wconf 84' lang='lat' dir='ltr'><strong>modus</strong></span> <span class='ocrx_word' id='word_1_328' title='bbox 2276 3948 2643 4026; x_wconf 86' lang='lat' dir='ltr'><strong>identitatis,</strong></span> <span class='ocrx_word' id='word_1_329' title='bbox 2681 3951 2791 4034; x_wconf 87' lang='lat' dir='ltr'><strong>qui</strong></span> 
     </span>
     <span class='ocr_line' id='line_1_36' title="bbox 581 4050 2793 4138; baseline 0.001 -24"><span class='ocrx_word' id='word_1_330' title='bbox 581 4052 797 4137; x_wconf 86' lang='lat' dir='ltr'><strong>primis</strong></span> <span class='ocrx_word' id='word_1_331' title='bbox 840 4050 1051 4115; x_wconf 84' lang='lat' dir='ltr'><strong>verbis</strong></span> <span class='ocrx_word' id='word_1_332' title='bbox 1097 4060 1197 4116; x_wconf 87' lang='lat' dir='ltr'><strong>est</strong></span> <span class='ocrx_word' id='word_1_333' title='bbox 1239 4055 1637 4138; x_wconf 71' lang='lat' dir='ltr'><strong>propositae,</strong></span> <span class='ocrx_word' id='word_1_334' title='bbox 1694 4052 1953 4119; x_wconf 85' lang='lat' dir='ltr'><strong>uberius</strong></span> <span class='ocrx_word' id='word_1_335' title='bbox 2002 4050 2381 4138; x_wconf 60' lang='lat' dir='ltr'><strong>explicatum</strong></span> <span class='ocrx_word' id='word_1_336' title='bbox 2432 4055 2532 4117; x_wconf 86' lang='lat' dir='ltr'><strong>sin</strong></span> <span class='ocrx_word' id='word_1_337' title='bbox 2578 4061 2793 4118; x_wconf 87' lang='lat' dir='ltr'><strong>autem</strong></span> 
     </span>
     <span class='ocr_line' id='line_1_37' title="bbox 580 4147 2797 4241; baseline 0 -24"><span class='ocrx_word' id='word_1_338' title='bbox 580 4147 657 4218; x_wconf 83' lang='grc' dir='ltr'><strong>τὸ</strong></span> <span class='ocrx_word' id='word_1_339' title='bbox 703 4150 763 4216; x_wconf 79' lang='grc' dir='ltr'><strong>δ’</strong></span> <span class='ocrx_word' id='word_1_340' title='bbox 804 4155 1245 4240; x_wconf 81' lang='lat' dir='ltr'><strong>praeferimus,</strong></span> <span class='ocrx_word' id='word_1_341' title='bbox 1305 4154 1467 4219; x_wconf 89' lang='lat' dir='ltr'><strong>alter</strong></span> <span class='ocrx_word' id='word_1_342' title='bbox 1520 4158 1906 4241; x_wconf 87' lang='lat' dir='ltr'><strong>proponitur</strong></span> <span class='ocrx_word' id='word_1_343' title='bbox 1950 4155 2205 4234; x_wconf 80' lang='lat' dir='ltr'><strong>moduS‚</strong></span> <span class='ocrx_word' id='word_1_344' title='bbox 2264 4154 2553 4222; x_wconf 81' lang='lat' dir='ltr'><strong>diversus</strong></span> <span class='ocrx_word' id='word_1_345' title='bbox 2597 4154 2711 4220; x_wconf 86' lang='lat' dir='ltr'><strong>ille</strong></span> <span class='ocrx_word' id='word_1_346' title='bbox 2758 4176 2797 4218; x_wconf 87' lang='lat' dir='ltr'><strong>a</strong></span> 
     </span>
     <span class='ocr_line' id='line_1_38' title="bbox 581 4257 2797 4346; baseline 0.001 -26"><span class='ocrx_word' id='word_1_347' title='bbox 581 4259 930 4343; x_wconf 88' lang='lat' dir='ltr'><strong>superiore.</strong></span> <span class='ocrx_word' id='word_1_348' title='bbox 1025 4260 1216 4345; x_wconf 87' lang='lat' dir='ltr'><strong>Atqui</strong></span> <span class='ocrx_word' id='word_1_349' title='bbox 1261 4279 1332 4322; x_wconf 89' lang='lat' dir='ltr'><strong>re</strong></span> <span class='ocrx_word' id='word_1_350' title='bbox 1376 4279 1525 4322; x_wconf 85' lang='lat' dir='ltr'><strong>vera</strong></span> <span class='ocrx_word' id='word_1_351' title='bbox 1571 4257 1836 4324; x_wconf 88' lang='lat' dir='ltr'><strong>alterum</strong></span> <span class='ocrx_word' id='word_1_352' title='bbox 1883 4261 2193 4346; x_wconf 85' lang='lat' dir='ltr'><strong>proponi,</strong></span> <span class='ocrx_word' id='word_1_353' title='bbox 2238 4262 2378 4345; x_wconf 89' lang='lat' dir='ltr'><strong>ipsa</strong></span> <span class='ocrx_word' id='word_1_354' title='bbox 2422 4257 2623 4324; x_wconf 83' lang='lat' dir='ltr'><strong>verba</strong></span> <span class='ocrx_word' id='word_1_355' title='bbox 2668 4277 2797 4323; x_wconf 86' lang='lat' dir='ltr'><strong>ma·</strong></span> 
     </span>
     <span class='ocr_line' id='line_1_39' title="bbox 582 4361 2793 4450; baseline 0.002 -25"><span class='ocrx_word' id='word_1_356' title='bbox 582 4361 816 4427; x_wconf 85' lang='lat' dir='ltr'><strong>nifesto</strong></span> <span class='ocrx_word' id='word_1_357' title='bbox 863 4372 1166 4450; x_wconf 80' lang='lat' dir='ltr'><strong>arguunt3</strong></span> <span class='ocrx_word' id='word_1_358' title='bbox 1214 4363 1278 4425; x_wconf 89' lang='lat' dir='ltr'><strong>in</strong></span> <span class='ocrx_word' id='word_1_359' title='bbox 1322 4364 1539 4447; x_wconf 90' lang='lat' dir='ltr'><strong>priore</strong></span> <span class='ocrx_word' id='word_1_360' title='bbox 1585 4364 1749 4428; x_wconf 94' lang='lat' dir='ltr'><strong>enim</strong></span> <span class='ocrx_word' id='word_1_361' title='bbox 1795 4363 1990 4429; x_wconf 90' lang='lat' dir='ltr'><strong>modo</strong></span> <span class='ocrx_word' id='word_1_362' title='bbox 2041 4362 2122 4428; x_wconf 89' lang='lat' dir='ltr'><strong>ad</strong></span> <span class='ocrx_word' id='word_1_363' title='bbox 2165 4363 2562 4429; x_wconf 81' lang='lat' dir='ltr'><strong>identitatem</strong></span> <span class='ocrx_word' id='word_1_364' title='bbox 2607 4365 2793 4429; x_wconf 89' lang='lat' dir='ltr'><strong>unice</strong></span> 
     </span>
     <span class='ocr_line' id='line_1_40' title="bbox 583 4462 2797 4553; baseline 0 -22"><span class='ocrx_word' id='word_1_365' title='bbox 583 4468 789 4531; x_wconf 87' lang='lat' dir='ltr'><strong>unitas</strong></span> <span class='ocrx_word' id='word_1_366' title='bbox 835 4469 1096 4546; x_wconf 87' lang='lat' dir='ltr'><strong>numeri,</strong></span> <span class='ocrx_word' id='word_1_367' title='bbox 1139 4469 1206 4531; x_wconf 86' lang='lat' dir='ltr'><strong>in</strong></span> <span class='ocrx_word' id='word_1_368' title='bbox 1250 4462 1456 4531; x_wconf 85' lang='lat' dir='ltr'><strong>altero</strong></span> <span class='ocrx_word' id='word_1_369' title='bbox 1502 4476 1569 4533; x_wconf 91' lang='lat' dir='ltr'><strong>et</strong></span> <span class='ocrx_word' id='word_1_370' title='bbox 1612 4471 1859 4534; x_wconf 89' lang='lat' dir='ltr'><strong>numeri</strong></span> <span class='ocrx_word' id='word_1_371' title='bbox 1905 4480 1969 4534; x_wconf 85' lang='lat' dir='ltr'><strong>et</strong></span> <span class='ocrx_word' id='word_1_372' title='bbox 2010 4469 2299 4534; x_wconf 87' lang='lat' dir='ltr'><strong>notionis</strong></span> <span class='ocrx_word' id='word_1_373' title='bbox 2345 4470 2555 4534; x_wconf 86' lang='lat' dir='ltr'><strong>unitas</strong></span> <span class='ocrx_word' id='word_1_374' title='bbox 2590 4469 2797 4553; x_wconf 86' lang='lat' dir='ltr'><strong>requi-</strong></span> 
     </span>
    </p>
   </div>
  </div>
 </body>
</html>
