3109 5175
1167 407 1275 477 M
1312 401 1383 476 9.
1466 400 1736 479 1086α.
2407 405 2560 482 565·

338 597 512 652 nam:
569 595 764 662 posse
814 574 1068 663 quidem
1114 576 1404 665 pluribus
1446 583 1709 667 insuper
1751 583 2142 671 argumentis
2183 582 2549 650 'confirmari

337 684 819 768 persuasionem
878 685 1044 762 eius,
1102 685 1212 770 qui
1268 686 1599 770 superiora
1657 685 1781 749 iam
1838 686 2252 773 probaverit,
2297 687 2412 754 sed
2472 710 2548 754 ea

337 784 492 850 nihil
552 785 881 872 profutura
940 785 1023 850 ad
1083 787 1572 854 convincendos
1631 807 1775 867 eos,
1834 790 2066 875 quibus
2120 789 2405 857 nondum
2463 795 2548 857 sit

334 910 708 975 persuasum
752 884 960 974 (πρὸς
1003 890 1075 955 δὲ
1118 883 1195 955 τὸ
1238 892 1609 973 πεισθῆναι
1641 887 1736 976 μὴ
1771 899 2295 979 πεπεισμένος
2331 892 2548 963 οὐθὲν

333 993 589 1074 μᾶλλον
628 995 778 1072 ⁶20,
833 994 997 1059 baec
1034 993 1230 1060 verba
1278 1006 1349 1060 ut
1389 997 1643 1082 possint
1687 1001 1972 1065 construi
2011 1000 2548 1085 πεπεισμένον

335 1094 439 1160 vel
482 1101 1063 1181 πεπεισμένους
1106 1099 1511 1165 scribendum
1557 1104 1714 1181 est).

466 1406 678 1473 108&
707 1409 792 1474 21
838 1411 1026 1497 περὶ
1070 1409 1152 1475 δὲ
1196 1410 1354 1475 τῶν
1396 1407 1732 1495 πρώτων
1774 1410 2062 1500 ἀρχῶν.
2137 1413 2372 1478 Utrum
2416 1414 2546 1479 boc

333 1508 483 1574 loco
530 1532 614 1575 an
660 1512 870 1577 1067ae
907 1514 996 1577 29
1037 1511 1437 1598 incipiendus
1481 1518 1568 1578 sit
1609 1513 1776 1580 liber
1821 1519 1917 1595 N,
1976 1515 2326 1582 dubitatum
2383 1521 2544 1582 anti-

333 1618 543 1699 quitus
589 1636 730 1679 esse
776 1617 953 1679 testis
1000 1625 1097 1679 est
1139 1616 1449 1702 Syrianus
1492 1616 1576 1683 ad
1621 1618 1682 1681 b.
1718 1618 1789 1684 lz
1843 1622 2034 1704 μέχρι
2087 1614 2340 1685 τούτων
2381 1621 2542 1687 ἔνιοι

331 1714 408 1783 τὸ
458 1720 547 1783 Μ
576 1713 989 1804 προσάγουσι
1040 1718 1123 1800 (Ι.
1168 1714 1611 1807 πρόαγονσι),
1663 1715 1754 1786 τοὶ
1807 1722 1879 1788 δὲ
1933 1719 2084 1802 ἑξῆς
2140 1725 2261 1788 τοῦ
2316 1723 2544 1808 τρίτου

331 1818 804 1908 προβλήματος
861 1816 1026 1887 ὄντα
1082 1826 1175 1906 τῷ
1233 1826 1310 1889 Ν
1352 1827 1830 1908 προσνέμουσι·
1894 1820 2155 1905 ζητήσει
2210 1822 2341 1914 γὰρ
2399 1825 2536 1891 λοι·

330 1921 477 2003 πόν,
522 1931 577 1990 εὶ
610 1923 809 2013 ἀρχαὶ
850 1920 935 1989 τὰ
972 1926 1110 2005 εἴδη
1143 1929 1254 1992 καὶ
1297 1929 1360 1992 οἱ
1397 1924 1722 2013 ἀριθμοί·
1765 1922 1854 1993 τὰ
1887 1931 2116 2012 μέντοι
2149 1922 2368 1995 πολλοὶ
2407 1931 2541 1995 τῶν

327 2029 607 2114 βιβλίων
648 2023 820 2094 κατὰ
865 2026 987 2108 τὴν
1030 2033 1150 2095 τοῦ
1189 2026 1620 2116 Ἀλεξάνδρον
1664 2031 1984 2119 διαίρεσιν
2021 2036 2094 2097 ἐν
2126 2038 2268 2107 τοῖς
2302 2035 2540 2116 ἑπομέ-

330 2156 471 2209 νοις
511 2135 642 2218 ἔχει
681 2125 806 2213 τὴν
845 2136 978 2198 τῶν
1018 2133 1301 2217 βιβλίων
1339 2130 1572 2217 τομήν.
1665 2133 2010 2201 Alexandri
2066 2143 2296 2200 autem·
2321 2143 2540 2200 aucto-

329 2240 501 2303 ritati
548 2258 737 2322 quum
782 2235 1119 2323 plurimum
1163 2238 1452 2314 tribuam,
1496 2249 1707 2303 tamen
1745 2238 1873 2304 hoc
1906 2240 2123 2326 potius
2160 2237 2312 2304 loco
2350 2248 2538 2324 qnam

330 2342 493 2406 infra
539 2340 973 2429 distinguendi
1021 2346 1172 2430 quin
1218 2345 1344 2407 sint
1387 2339 1533 2406 libri
1582 2344 1671 2407 M
1710 2353 1776 2408 et
1817 2346 1898 2409 N
1931 2363 2063 2409 non
2110 2340 2367 2418 dubito;
2411 2345 2535 2408 iam

332 2451 495 2511 enim
543 2467 710 2512 nova
761 2456 824 2510 et
868 2449 1217 2514 instituitur
1263 2457 1329 2511 et
1368 2448 1757 2532 proponitur
1800 2449 2108 2533 quaestio,
2152 2445 2315 2510 infra
2358 2467 2535 2525 vero,

330 2554 407 2619 N
433 2553 469 2616 1
503 2555 653 2629 init„
700 2549 919 2616 eadem
969 2553 1389 2617 continuatur.
1467 2550 1804 2636 Quaesivit
1847 2553 2012 2615 enim
2054 2551 2160 2615 Ar.
2207 2551 2540 2636 bucusque

328 2665 533 2720 utrum
584 2655 1089 2720 substantiae
1135 2654 1443 2740 quaedam
1479 2653 1824 2741 ponendae
1859 2657 1986 2719 sint
2015 2654 2281 2719 seorsim
2312 2676 2392 2718 ac
2415 2675 2538 2740 per

328 2782 399 2824 se
457 2761 831 2824 exsistentes
888 2767 1142 2843 praeter
1197 2757 1531 2822 sensibiles
1588 2778 1720 2836 res,
1781 2778 2044 2845 eamque
2089 2761 2534 2845 quaestionem

328 2882 462 2928 non
506 2865 794 2948 exposita
840 2883 951 2925 sua
988 2864 1187 2947 ipsius
1226 2862 1560 2940 sententia,
1603 2860 1719 2926 sed
1757 2861 2083 2949 explicatis
2118 2861 2532 2947 iudicatisque

326 2965 592 3031 aliorum
638 2966 885 3054 placitis
929 2976 1300 3052 persecutus
1346 2974 1473 3041 est3
1531 2964 1802 3031 eundem
1859 2968 1928 3030 in
1974 2963 2234 3033 modum
2279 2969 2402 3030 iam
2448 2961 2534 3031 de

325 3073 765 3158 principiis
812 3071 1029 3135 harum
1073 3070 1567 3136 substantiarum
1612 3072 2046 3156 quaestionem
2092 3070 2390 3145 instituit,
2447 3067 2532 3133 cf.

324 3177 479 3240 ⁶21:
523 3178 670 3261 περὶ
710 3175 779 3240 δὲ
814 3176 947 3240 τῶν
984 3171 1258 3261 πρώτων
1300 3170 1572 3262 ἀρχῶν
1615 3176 1732 3239 καὶ
1764 3176 1894 3240 τῶν
1930 3167 2204 3255 πρώτων
2240 3174 2529 3239 αἰτίων

325 3280 438 3343 καὶ
482 3279 920 3362 στοιχείων
965 3312 1048 3329 --
1096 3274 1225 3343 ὅσα
1280 3278 1351 3343 δὲ
1408 3281 1471 3342 οἱ
1522 3276 1898 3366 φάσκοντες
1952 3274 2120 3342 εἶναι
2172 3267 2359 3360 παρὰ
2405 3269 2532 3352 τάς

325 3375 669 3459 αὶσθητάς
709 3383 934 3463 ἑτέρας
978 3378 1224 3459 οὐσίας,
1268 3377 1584 3465 ἐχόμενόν
1628 3386 1764 3446 ἐστι
1801 3382 2148 3466 θεωρῆσαι
2180 3381 2317 3445 κτλ.
2376 3377 2526 3444 coll.

328 3488 386 3550 1.
437 3487 649 3550 107&
688 3486 799 3546 11:
857 3486 994 3549 ἐπεὶ
1036 3482 1096 3548 δ’
1137 3481 1178 3563 ἡ
1224 3489 1457 3573 σκέψις
1497 3486 1640 3551 ἐστὶ
1680 3478 1960 3568 πότερον
2002 3484 2141 3549 ἔστι
2193 3505 2294 3558 τις
2340 3476 2528 3567 παρὰ

326 3582 449 3665 τὰς
494 3584 834 3667 αἰσθητάς
879 3584 1168 3665 οὐσίας
1211 3584 1520 3667 ἀκίνητος
1563 3589 1674 3652 καὶ
1717 3583 1931 3662 ἀίδιος
1971 3579 2016 3665 ἢ
2060 3582 2178 3650 οὐκ
2220 3586 2358 3650 ἔστι
2388 3585 2526 3650 κτλ.

327 3693 455 3757 Iam
498 3711 659 3756 vero
707 3691 1020 3757 Platonici
1066 3702 1132 3757 et
1173 3690 1584 3778 Pythagorei,
1629 3710 1894 3776 quorum
1941 3690 2253 3754 examinat
2293 3687 2528 3754 doctri-

322 3818 496 3876 nam,
555 3794 731 3860 ideas
790 3805 857 3861 et
912 3816 1210 3861 numeros
1266 3793 1333 3858 id
1391 3816 1532 3859 esse
1589 3801 1968 3871 statuerant,
2025 3792 2198 3878 qnod
2257 3813 2329 3857 re
2372 3812 2525 3856 vera

325 3910 545 3965 esset
585 3902 653 3963 in
699 3900 892 3966 rebus
936 3898 1371 3976 sensibilibus,
1410 3899 1541 3963 hoc
1585 3906 1680 3963 est
1723 3908 1931 3963 autem
1978 3895 2152 3961 ideas
2198 3906 2264 3961 et
2303 3916 2526 3961 nume·-

322 4024 434 4069 ros
480 4006 891 4090 principia
935 4026 1191 4069 rerum
1220 4024 1378 4067 esse
1421 4002 1788 4077 voluerant3
1835 4023 1909 4071 ac
1952 4013 2164 4067 tamen
2205 4002 2380 4086 ipsas
2409 3998 2528 4067 has

318 4105 499 4170 ideas
559 4116 627 4171 et
678 4108 799 4171 hos
852 4128 1155 4172 numeros
1214 4128 1300 4171 ex
1354 4108 1786 4192 principiis
1837 4103 2210 4193 quibusdam
2254 4106 2528 4190 repetis.

324 4220 485 4274 rant.
576 4211 796 4296 lta-que
842 4233 1032 4297 quum
1080 4209 1214 4276 duo
1253 4213 1505 4297 possint
1555 4212 1797 4294 quaeri,
1852 4220 2060 4277 utrum
2116 4210 2524 4297 principia

326 4311 684 4378 idearum
740 4312 849 4378 vel
901 4334 1307 4380 numerorum
1355 4323 1529 4379 recte
1575 4313 1656 4379 ab
1697 4313 2068 4381 auctoribus
2109 4316 2248 4379 eius
2291 4309 2526 4381 doetri-

326 4438 451 4481 nae
496 4418 625 4482 sint
667 4421 907 4503 posita,
963 4428 1028 4483 et
1068 4428 1277 4484 utrum
1323 4418 1553 4485 ideae
1597 4416 1701 4481 vel
1746 4419 1994 4483 numeri
2034 4437 2180 4504 pro
2224 4416 2522 4501 princi-

326 4523 487 4607 piis
545 4542 755 4587 rerum
811 4521 1033 4593 baberi
1074 4523 1358 4610 possint,
1412 4541 1547 4587 non
1592 4520 1760 4589 adeo
1801 4526 2023 4589 mirum
2068 4518 2264 4587 debet
2304 4517 2526 4597 videri,
