3109 5175
592 360 736 437 504
1410 367 1491 435 Λ
1538 360 1960 437 8.1073α.

591 533 763 606 εἶναι
803 531 961 604 ἄνευ
1001 531 1190 618 ὕλης·
1247 534 1502 614 ἀιδίους
1544 531 1673 623 γὰρ
1720 537 1846 616 δεῖ,
1902 536 1990 602 ibi
2049 539 2214 601 enim
2271 535 2423 601 licet
2472 534 2841 624 quidpiam

591 640 1013 731 significatum
1057 644 1169 726 sit,
1227 639 1399 728 quod
1445 641 1571 706 huc
1612 625 1920 729 pertinet,
1976 649 2185 705 tamen
2241 659 2638 726 nequaquam
2702 660 2841 705 res

590 748 680 810 ita
725 744 1006 811 discussa
1052 754 1151 811 est
1196 756 1262 811 et
1303 744 1764 822 demonstrata,
1814 754 1889 808 ut
1927 764 2009 809 eo
2053 746 2261 829 possit
2303 743 2579 809 lectores
2624 742 2841 809 able-

590 870 764 937 gare.
854 851 1140 934 Respicit
1181 852 1396 936 potius
1442 846 1523 912 ad
1569 848 1763 933 Phys.
1793 848 1952 912 VIII
1997 850 2100 913 10.
2142 848 2304 913 267⁶
2342 848 2424 913 17
2470 869 2640 934 sqq.,
2688 845 2835 912 ubi

499 957 504 976 ¹
593 951 849 1018 uberius
907 962 971 1017 et
1017 955 1368 1018 accuratius
1416 949 1497 1016 de
1545 948 1767 1015 eadem
1813 972 1882 1016 re
1927 954 2291 1039 exponitur,
2349 950 2429 1015 cf.
2477 950 2560 1016 de
2602 949 2834 1016 coelo

588 1057 620 1121 1
664 1058 724 1122 7.
768 1058 929 1122 275⁶
964 1057 1069 1121 22.
1116 1095 1205 1107 —-
1260 1056 1581 1121 Summum
1637 1057 2013 1141 principium
2070 1076 2335 1120 movens
2392 1074 2529 1119 non
2578 1062 2834 1140 potest
2924 1045 2931 1054 ’

591 1180 736 1224 esse
778 1158 1182 1246 magnitude,
1241 1162 1384 1244 quia
1432 1159 1485 1222 si
1533 1165 1702 1221 esset
1743 1157 2147 1245 magnitudo,
2204 1167 2315 1222 aut
2369 1156 2609 1222 finitam
2659 1178 2829 1223 eam

593 1283 734 1329 esse
779 1271 1113 1349 oporteret
1154 1270 1268 1325 aut
1307 1259 1650 1336 infinitam;
1708 1270 1774 1324 at
1826 1260 2008 1325 finita
2054 1259 2429 1349 magnitudo
2475 1281 2607 1325 non
2654 1272 2829 1347 pot-

501 1442 522 1454 ,
592 1375 693 1431 est
733 1376 973 1431 motum
1019 1363 1277 1429 efficere
1320 1363 1635 1429 infinitum
1682 1362 1803 1445 (cf
1834 1363 2027 1449 Phys.
2059 1364 2101 1429 l.
2127 1364 2228 1445 1.),
2270 1362 2518 1429 infinita
2555 1366 2825 1451 magni-

590 1466 750 1534 tudo
795 1470 1059 1533 omnino
1105 1487 1238 1532 non
1282 1477 1498 1555 potest
1541 1488 1699 1547 esse,
1745 1466 1824 1531 ci.
1858 1468 2052 1554 Phys.
2087 1467 2178 1531 111
2210 1468 2272 1532 5.
2332 1465 2415 1531 de
2446 1464 2633 1531 coelo
2669 1467 2700 1531 1
2734 1469 2816 1533 5.

592 1570 770 1638 Idem
815 1571 895 1636 ab
941 1573 1115 1638 omni
1153 1573 1505 1636 mutatione
1544 1580 1609 1635 et
1644 1570 1989 1637 affectione
2027 1575 2304 1636 immune
2340 1580 2452 1649 est,
2499 1573 2644 1656 quia
2674 1591 2820 1635 nec

591 1673 788 1741 locali
830 1677 1032 1741 motui
1077 1672 1429 1739 subiectum
1477 1684 1604 1753 est,
1648 1685 1838 1761 atque
1882 1676 1939 1739 is
1983 1686 2201 1741 tamen
2237 1676 2474 1762 primus
2522 1684 2618 1740 est
2660 1695 2817 1739 mo-

532 1783 538 1790 ’
594 1788 719 1860 tus,
763 1778 842 1843 cf.
888 1778 969 1844 ad
1018 1778 1221 1844 10721»
1257 1778 1320 1843 8.

1442 2030 1668 2106 CAP.
1732 2031 1943 2105 VIII.

731 2174 906 2253 Quot
948 2178 1085 2240 sint
1126 2197 1392 2241 numero
1426 2175 1766 2260 principia
1808 2183 2079 2240 aeterna
2120 2176 2461 2240 moventia.

722 2291 1096 2358 Ponendum
1158 2296 1421 2359 omnino
1477 2314 1620 2358 esse
1663 2295 2038 2380 principium
2082 2287 2292 2360 motu‘s
2334 2291 2661 2358 immobile
2704 2291 2804 2357 id-

590 2416 716 2482 que
760 2398 1137 2482 principium
1185 2395 1450 2483 simplex
1492 2405 1721 2461 natura
1766 2407 2070 2482 oportere
2115 2419 2256 2463 esse
2301 2418 2491 2482 supra
2537 2395 2804 2461 demon-

589 2502 842 2577 stravit,
885 2499 1000 2563 sed
1047 2509 1232 2565 caute
1274 2498 1460 2565 simul
1505 2499 1789 2568 distinxit
1830 2500 1952 2581 (cf.
1993 2500 2074 2565 ad
2112 2502 2172 2567 7.
2206 2502 2416 2567 10726
2440 2502 2570 2581 32)
2614 2497 2804 2564 nihil·

593 2602 740 2668 dum
788 2601 1168 2668 destinatum
1217 2626 1358 2670 esse
1395 2602 1476 2668 de
1516 2606 1652 2669 eius
1691 2606 1987 2690 principii
2028 2626 2312 2682 numero,
2357 2615 2565 2670 utrum
2602 2624 2803 2668 unum

590 2708 673 2769 sit
728 2727 994 2772 numero
1053 2729 1135 2772 an
1193 2707 1405 2796 plura,
1421 2706 1531 2772 'et
1576 2709 1630 2772 si
1676 2708 1884 2793 plura,
1945 2711 2050 2794 qui
2104 2711 2187 2772 sit
2230 2730 2449 2775 eorum
2496 2705 2805 2771 definitus

591 2830 907 2888 numeruS,
953 2833 1142 2897 quum
1188 2811 1500 2877 infinitum
1550 2833 1691 2877 esse
1736 2830 1869 2877 non
1915 2832 2107 2898 posse
2154 2834 2228 2876 ex
2265 2815 2418 2898 ipsis
2453 2808 2686 2875 infiniti
2725 2831 2807 2874 ac

588 2915 879 3000 principii
925 2914 1303 2982 notionibus
1349 2927 1616 2982 constet.
1685 2917 1840 2981 Eam
1877 2919 2312 3003 quaestionem
2354 2936 2527 2980 nunc
2552 2912 2641 2978 ad
2677 2913 2809 2979 dis-

589 3015 969 3105 ceptandum
1014 3022 1345 3104 proponit.

722 3125 804 3199 a)
853 3122 1173 3186 1073a15
1213 3113 1421 3186 ἀλλὰ
1459 3149 1545 3170 ·-
1588 3122 1677 3185 22
1715 3118 2315 3201 ἀποδεικτικης.
2384 3123 2804 3209 Superiorum

589 3221 1120 3312 philosophorum
1177 3222 1408 3309 placita
1465 3220 1884 3313 (ἀποφάσεις
1927 3228 2094 3315 «16,
2151 3230 2189 3290 i.
2231 3249 2286 3289 e.
2344 3221 2610 3310 γνώμας
2664 3227 2805 3288 sive

591 3322 832 3408 δόξας)
878 3332 1070 3413 quum
1116 3324 1422 3393 adhibere
1466 3330 1533 3393 in
1580 3327 1997 3394 discutiendis
2041 3329 2523 3415 quaestionibus
2560 3329 2806 3393 Aristo-

590 3429 752 3496 teles
799 3430 1011 3496 soleat
1054 3431 1177 3513 (cf.
1220 3430 1301 3496 ad
1345 3432 1418 3497 A
1456 3433 1518 3498 3.
1566 3432 1727 3498 983⁶
1766 3434 1875 3512 1),
1932 3433 2058 3497 hoc
2113 3432 2262 3498 loco
2301 3431 2680 3499 'brevissime
2725 3452 2803 3496 ea

591 3555 1123 3601 commemorasse
1166 3538 1317 3600 satis
1361 3535 1599 3601 habere
1641 3544 1877 3620 potest.
1944 3537 2174 3622 Neque
2220 3538 2386 3602 enim
2429 3537 2583 3601 certi
2622 3533 2803 3620 quid-

590 3661 776 3725 quam
823 3638 906 3704 de
952 3637 1264 3704 eiusmodi
1306 3641 1762 3725 principiorum
1809 3660 2074 3704 numero
2121 3637 2526 3704 definierunt.
2605 3637 2802 3703 Ideae

591 3732 909 3820 Platonis,
969 3741 1121 3808 licet
1174 3763 1295 3830 pro
1354 3743 1682 3829 principiis
1738 3741 2142 3808 moventibus
2196 3741 2419 3808 haberi
2478 3749 2802 3828 nequeant

592 3845 714 3924 (cf.
747 3847 820 3911 A
850 3847 908 3910 7.
940 3847 1101 3911 988⁶
1126 3848 1231 3926 3),
1269 3855 1479 3911 tamen
1518 3868 1708 3932 quum
1747 3867 1866 3933 pro
1905 3848 2231 3933 principiis
2272 3849 2553 3911 omnium
2592 3866 2803 3909 rerum

590 3969 834 4034 eaeque
877 3947 1096 4034 plures
1143 3971 1407 4016 numero
1452 3952 1703 4035 positae
1748 3953 1902 4030 sint,
1961 3970 2146 4036 quam
2193 3971 2328 4015 non
2375 3948 2675 4014 definitus
2719 3950 2803 4012 sit

590 4071 888 4116 numerus
923 4071 1141 4117 eorum
1171 4065 1409 4119 monet.
1470 4053 1684 4139 Quum
1709 4056 1875 4118 enim
1907 4052 2082 4119 ideas
2111 4075 2231 4141 per
2261 4074 2667 4119 numerorum
2693 4073 2805 4116 na-
2864 4090 2873 4099 -

588 4164 792 4220 turam
838 4155 1093 4242 signare
1141 4168 1206 4220 et
1249 4156 1518 4222 definire
1564 4156 1683 4221 sibi
1718 4156 2070 4237 videantur,
2113 4179 2332 4246 parum
2373 4154 2467 4222 illi
2498 4156 2619 4221 sibi
2652 4175 2803 4220 con-

587 4269 771 4337 stant,
811 4255 1121 4343 siquidem
1159 4259 1358 4324 modo
1396 4262 1559 4323 iutra
1598 4260 1923 4324 denarium
1959 4282 2285 4327 numerum
2319 4262 2802 4348 generationem

589 4382 1000 4427 numerorum
1047 4359 1346 4426 idealium
1394 4363 1915 4428 circumscribunt
1957 4364 2079 4445 (cf.
2112 4363 2193 4429 ad
2226 4365 2315 4430 M
2336 4368 2398 4431 8.
2435 4364 2646 4429 1⁰84ae
2672 4364 2801 4443 12)

587 4465 783 4531 modo
843 4468 909 4531 in
969 4464 1285 4533 infinitum
1344 4464 1688 4534 extendere
1746 4466 2063 4535 videntur.
2151 4468 2228 4533 Iu
2274 4468 2371 4534 his
2415 4464 2806 4557 imaginandi
