3109 5175
553 362 704 438 294
1387 366 1462 436 Ζ
1509 362 1572 436 I.
1656 360 1928 437 10280.

560 542 733 606 omni
780 559 996 606 errore
1039 537 1410 625 sianpliciter
1451 538 1556 604 vel
1601 539 1747 604 sciri
1791 537 2066 605 debeant
2108 537 2215 603 vel
2256 541 2515 617 nesciri,
2557 537 2761 604 addit:

559 645 706 728 περὶ
750 643 819 708 δὲ
862 637 945 708 τὰ
978 640 1162 708 ἁπλᾶ
1197 639 1337 708 οὐδ’
1377 648 1449 708 ὲν
1482 646 1562 731 τῇ
1596 644 1879 729 διανοίᾳ,
1924 643 2005 709 cf.
2042 642 2103 708 Θ
2134 645 2238 708 10.
2272 645 2475 709 10516
2504 647 2584 710 17
2622 666 2760 730 sqq.

557 747 692 812 His.
729 750 1032 834 expositis
1090 744 1441 813 concludit:
1499 743 1633 812 ὅσα
1685 749 1806 830 μὲν
1856 737 1976 814 οὖν
2016 745 2143 828 (de
2189 749 2365 812 cuius
2412 746 2765 833 particulae

560 872 678 916 usu
723 853 790 915 in
833 852 1107 940 apodosi
1150 851 1230 914 cf.
1273 849 1358 914 ad
1395 849 1465 914 Α
1499 852 1561 916 3.
1597 853 1765 917 983⁶
1790 852 1918 932 33)
1962 852 2061 916 δεῖ
2102 852 2451 936 θεωρῆσαι
2492 853 2642 936 περὶ
2685 845 2765 918 τὸ

563 949 768 1030 οὕτως
812 947 891 1021 ὂν
933 957 1046 1021 καὶ
1088 948 1182 1038 μὴ
1227 949 1305 1021 ὄν
1351 956 1431 1031 (i.
1465 975 1520 1017 e.
1567 956 1715 1040 περὶ
1760 950 1836 1020 τὸ
1882 952 1968 1031 ὡς
2001 950 2260 1033 ἀληθὲς
2296 948 2375 1021 ὃν
2411 957 2524 1022 καὶ
2559 950 2639 1021 τὸ
2679 951 2768 1032 ὡς

558 1059 807 1148 ψεῦδος
849 1054 942 1145 μὴ
989 1053 1136 1139 ὅν),
1193 1052 1467 1143 ὕστερον
1511 1062 1955 1136 ἐπισκεπτέον,
1998 1057 2078 1122 cf.
2132 1059 2192 1123 Θ
2238 1060 2341 1124 10.
2431 1060 2561 1123 Iam
2604 1078 2763 1123 vero

561 1163 1013 1228 transeundum
1046 1162 1128 1228 ad
1159 1166 1364 1249 ipsum
1396 1183 1511 1228 ens
1543 1166 1805 1248 eiusque
1835 1183 2062 1226 causae
2090 1162 2575 1251 investigandae
2602 1172 2767 1240 sunt,

563 1277 873 1349 quatenus
919 1278 1016 1332 est
1061 1289 1204 1343 ens,
1260 1266 1568 1353 siquidem
1628 1276 1693 1332 et
1745 1264 2039 1330 accidens
2084 1276 2151 1332 et
2192 1271 2426 1332 veritas
2471 1266 2552 1331 ab
2600 1275 2770 1343 ente,

563 1367 736 1452 quod
785 1374 1044 1456 proprie
1091 1382 1156 1434 et
1198 1392 1315 1457 per
1359 1391 1430 1433 se
1477 1390 1589 1433 ens
1637 1378 1754 1446 est,
1801 1367 2088 1454 pendent
2128 1391 2249 1435 nec
2291 1373 2638 1435 seiunctam
2683 1367 2766 1432 ab

564 1491 646 1534 eo
689 1484 971 1538 naturam
1012 1474 1249 1539 babent
1287 1484 1353 1539 et
1391 1476 1834 1549 exsistentiam,
1878 1468 1997 1537 οὐκ
2041 1470 2158 1550 ἔξω
2205 1474 2515 1553 δηλοῦσιν
2561 1462 2770 1537 οὖσάν

563 1595 713 1638 τινα
759 1572 962 1663 φύσιν
1004 1581 1125 1642 τοῦ
1169 1572 1363 1653 ὄντος
1402 1578 1510 1653 ⁰2,
1555 1576 1634 1639 cf.
1683 1575 1749 1641 K
1794 1577 1855 1641 8.
1905 1578 2113 1662 10654
2148 1578 2254 1641 24.

698 1680 902 1744 1027⁶
939 1683 1027 1746 33
1072 1682 1382 1766 διαιρεῖ
1437 1701 1552 1743 cur
1604 1675 2011 1743 saibendum
2065 1688 2282 1765 putem
2339 1700 2460 1766 pro
2504 1677 2770 1767 vulgato

563 1776 839 1869 ἀφαιρεῖ
885 1787 1240 1870 expositum
1284 1792 1383 1848 est
1425 1785 1491 1847 in
1537 1782 1699 1849 Obs.
1745 1805 1809 1868 p.
1840 1785 1947 1847 90.

698 1887 908 1952 1028α
935 1890 976 1953 4
1014 1880 1384 1977 φανερὸν
1420 1923 1502 1937 -
1541 1888 1585 1951 ὖ
1620 1879 1711 1950 τὸ
1752 1879 1859 1950 ὅν.
1926 1885 2102 1950 Idem
2137 1907 2345 1973 prope
2372 1883 2597 1951 iisdem
2630 1903 2773 1947 ver-

564 1986 662 2052 bis
706 1989 807 2055 bis
836 1990 1245 2060 Aristotelem
1293 1990 1522 2056 dixisse
1570 2000 1635 2054 et
1676 1993 1742 2054 in
1788 1987 1919 2053 fine
1963 1989 2150 2056 huius
2194 1989 2340 2055 libri
2388 1992 2555 2054 etin
2596 2008 2772 2052 exor-

566 2090 675 2156 dio
722 2099 1009 2179 proxime
1053 2097 1392 2181 sequentis,
1440 2095 1650 2160 102811
1689 2094 1776 2159 10
1819 2087 1896 2157 τὰ
1944 2087 2022 2158 ὃν
2056 2129 2141 2143 --
2184 2096 2265 2159 11
2303 2094 2628 2177 ποσαχῶς,
2671 2094 2772 2155 vix

562 2198 900 2266 verisimile
937 2208 1152 2284 potest
1183 2198 1407 2265 videri.
1475 2199 1605 2262 lam
1642 2219 1833 2283 quum
1869 2195 2265 2284 singulorum
2304 2196 2586 2261 eiusdem
2619 2215 2775 2280 ope-

563 2300 649 2362 ris
694 2299 1002 2366 librorum
1048 2300 1518 2368 distinctionem
1565 2300 1646 2366 ab
1690 2303 2138 2386 antiquissimis
2186 2299 2536 2365 editoribus
2581 2302 2775 2364 inter—

564 2405 976 2491 pretibusque
1003 2405 1365 2470 Aristotelis
1395 2407 1739 2469 institutam
1774 2414 1838 2469 et
1868 2413 2164 2468 mutatam
2200 2425 2356 2481 esse,
2388 2413 2453 2468 et
2480 2423 2614 2468 uno
2637 2402 2776 2466 Me·

565 2506 1042 2594 tapbysicorum
1073 2508 1225 2573 loco
1257 2507 1493 2574 diserte
1524 2506 1821 2572 traditum
1852 2509 1934 2571 sit
1963 2506 2069 2585 (cf.
2100 2505 2182 2572 ad
2219 2509 2305 2572 M
2328 2509 2390 2572 9.
2425 2508 2633 2572 1086·
2655 2507 2775 2584 21)

567 2622 630 2675 et
676 2615 741 2677 in
786 2613 924 2679 aliis
971 2614 1274 2699 operibus
1314 2610 1677 2676 Aristotelis
1716 2612 2076 2676 certissimis
2121 2611 2475 2677 rationibus
2513 2609 2777 2677 demon-

565 2720 747 2781 strari
775 2720 1010 2802 possit:
1056 2738 1189 2783 non
1220 2713 1642 2801 improbabile
1672 2725 1788 2793 est,
1818 2716 1977 2780 baec
2004 2724 2278 2779 extrema
2308 2714 2456 2779 libri
2487 2715 2554 2778 E
2578 2712 2775 2778 verba

566 2817 673 2883 vel
717 2818 932 2888 addita
980 2841 1119 2885 esse
1167 2820 1246 2885 ab
1289 2824 1385 2899 iis,
1431 2822 1538 2906 qui
1583 2819 1710 2884 hoc
1753 2822 1819 2884 in
1859 2820 2007 2884 loco
2048 2817 2544 2903 disputationem
2583 2820 2776 2891 inter-

566 2921 866 3003 ciderent,
909 2923 1015 2989 vel
1065 2923 1215 2990 inde
1262 2914 1420 3003 orta,
1465 2922 1638 3009 quod
1688 2921 1907 2988 eadem
1955 2922 2151 2987 verba
2188 2922 2268 2986 ab
2300 2920 2438 2986 aliis
2468 2919 2550 2985 ad
2580 2920 2775 2983 finem

566 3025 713 3092 libri
757 3031 1106 3114 superioris
1151 3028 1570 3104 traherentur,
1614 3026 1695 3090 ab
1741 3023 1878 3089 aliis
1924 3046 2043 3109 pro
2093 3023 2360 3089 exordio
2397 3027 2661 3112 proximi
2703 3022 2775 3088 li-

565 3131 661 3195 bri
709 3130 1113 3196 haberentur.
1163 3168 1244 3185 ·-—
1304 3128 1505 3195 Simili
1564 3132 1814 3194 ratione
1871 3131 2219 3214 superioris
2278 3131 2579 3213 cuiusque
2629 3126 2775 3192 libri

569 3234 899 3301 conclusio
960 3256 1099 3299 cum
1157 3237 1421 3319 proximi
1481 3231 1628 3298 libri
1685 3232 1949 3298 exordio
1997 3231 2335 3318 aliquoties
2383 3234 2665 3297 concinit
2706 3234 2777 3296 in

567 3338 710 3404 Etb.
756 3339 898 3403 Nic.
945 3338 1039 3402 1v
1086 3350 1150 3402 et
1197 3339 1276 3416 V,
1320 3338 1446 3405 vu
1492 3348 1557 3402 et
1601 3337 1774 3416 VIII,
1820 3337 1906 3403 lx
1953 3347 2019 3402 et
2062 3338 2137 3403 X.

1621 3634 1728 3733 Ζ.

1494 3808 1721 3883 CAP.
1789 3811 1846 3884 Ι.

701 3951 773 4015 Ε
813 3951 1096 4018 diversis
1139 3955 1310 4019 eutis
1359 3952 1714 4037 generibus
1763 3955 2051 4038 primm
2104 3961 2167 4017 et
2221 3962 2508 4037 tempore
2556 3960 2619 4015 el
2662 3971 2779 4014 no-

570 4058 744 4120 tione
788 4067 852 4120 et
894 4059 1266 4141 cognitione
1297 4068 1396 4125 eut
1426 4057 1813 4139 substatia,
1856 4057 2066 4122 10284
2106 4057 2407 4138 leh-⁶2,
2452 4054 2614 4121 Ilaec
2647 4055 2778 4138 ige·-

569 4168 677 4225 tur
719 4161 1182 4245 investiganda
1227 4174 1324 4229 est
1367 4165 1432 4229 ei
1475 4165 1591 4250 qui
1633 4185 1783 4243 ene,
1834 4170 2152 4249 quatenus
2202 4171 2301 4225 est
2345 4182 2492 4240 ens,
2538 4179 2777 4242 cogno-

568 4286 753 4330 scere
797 4263 1073 4331 voluerit
1121 4303 1201 4318 —
1247 4268 1278 4320 b
1295 4267 1352 4331 7.

649 4414 656 4419 ·
701 4385 804 4449 De
848 4388 1141 4451 universa
1187 4385 1370 4450 buius
1417 4389 1640 4472 capitis
1685 4386 2118 4473 disputatione
2162 4383 2241 4449 cf.
2279 4346 2580 4448 Trendel.
2628 4382 2776 4446 Καὶ.

569 4512 631 4576 p.
667 4491 747 4555 71
792 4511 926 4575 sqq.
