3109 5175
1189 380 1263 452 A
1317 376 1428 453 12.
1512 377 1781 453 101912.
2442 343 2591 453 2⁵5

384 559 608 643 sca-ipsi
654 551 836 633 ἄλλο,
879 554 949 620 id
993 565 1059 621 ct
1102 559 1482 642 comparatis
1525 555 1741 621 verbis
1784 555 1950 623 ⁶35:
1994 549 2113 620 ἐὰν
2157 556 2265 644 ἔχῃ
2298 577 2363 619 τι
2388 551 2598 621 αὐτοῦ

379 656 550 724 ἄλλο
610 653 890 744 δύναμιν
949 654 1260 739 τοιαύτην
1314 669 1380 725 et
1421 663 1803 725 auctoritate
1844 657 2187 725 Alexandri
2229 663 2382 725 satis
2425 682 2593 724 com·

383 762 723 849 probatum
768 762 1106 828 videbitur.
1179 762 1382 827 Aliam
1428 762 1867 829 difficultatem
1912 775 1993 841 et,
2036 766 2157 827 nisi
2203 762 2413 842 fallor,
2458 785 2595 829 cor-

383 867 692 953 ruptelam
755 869 820 931 in
879 867 977 931 bis
1035 866 1248 931 verbis
1304 870 1512 931 sciens
1556 866 1817 953 reliqui,
1875 888 2039 953 quae
2084 869 2253 931 enim
2293 865 2596 954 leguntur

381 969 580 1035 verba
623 972 783 1035 ⁶11:
830 966 1190 1054 ὁμωνύμως
1233 971 1301 1035 δὲ
1347 966 1704 1055 λεγόμενον
1745 965 1822 1036 τὸ
1870 964 1965 1048 ὅν,
2010 992 2087 1034 ea
2131 973 2224 1034 sic
2260 969 2593 1056 explicare,

381 1083 454 1138 ut
510 1096 649 1139 enm
709 1073 953 1160 reliqua
1007 1077 1459 1141 emmciatione
1516 1086 1667 1162 apte
1728 1085 1794 1140 et
1848 1084 2157 1154 accurate
2192 1075 2594 1152 cohaereant,

377 1177 616 1243 frustra
653 1177 991 1244 studueris·
1068 1177 1244 1263 Quid
1287 1179 1566 1245 voluerit
1611 1177 1826 1244 dicere
1854 1177 2254 1257 Aristotelea,
2294 1188 2470 1243 recte
2500 1180 2593 1241 vi-

381 1279 572 1346 detur
615 1280 979 1346 Alexander
1035 1287 1443 1368 interpretari
1485 1306 1550 1369 p.
1588 1285 1737 1362 355,
1781 1285 1852 1347 9:
1911 1286 1967 1347 εὶ
2010 1272 2133 1349 οὖν
2174 1280 2300 1361 ἕξις
2341 1304 2440 1356 τις
2480 1281 2596 1346 καὶ

379 1381 426 1464 ἡ
474 1390 792 1470 στέρησις,
833 1386 949 1449 καὶ
993 1409 1076 1449 τα
1120 1391 1209 1462 εὶς
1252 1379 1338 1450 τὰ
1368 1388 1564 1473 χείρω
1601 1381 2109 1471 μεταβάλλοντα
2146 1388 2238 1469 τῷ
2277 1382 2407 1464 ἕξιν
2442 1378 2593 1451 τινὰ

379 1490 495 1555 καὶ
540 1484 821 1573 δύναμιν
864 1491 1030 1573 ἔχειν
1071 1485 1441 1576 μεταβαλοι
1481 1484 1588 1556 ἄν.
1640 1528 1720 1542 -
1774 1485 1819 1570 ἢ
1860 1493 1918 1554 εὶ
1959 1481 2053 1574 μὴ
2098 1487 2194 1568 εἴη
2240 1486 2367 1568 ἕξις
2407 1511 2507 1565 τις
2547 1485 2590 1567 ἡ

384 1596 717 1677 στέρησις,
773 1588 1135 1678 ὁμωνύμως
1188 1586 1274 1657 ἂν
1319 1590 1416 1672 εἴη
1462 1587 1714 1659 δυνατοὶ
1758 1588 1844 1658 τά
1888 1615 1960 1659 τε
2001 1585 2169 1677 πρὸς
2210 1587 2288 1658 τὸ
2329 1593 2594 1677 βέλτιον

379 1694 889 1781 μεταβάλλοντα
944 1698 1058 1762 καὶ
1112 1689 1199 1761 τὰ
1255 1701 1344 1773 εὶς
1397 1690 1478 1762 τὸ
1525 1704 1782 1784 χεῖρον·
1840 1720 1926 1761 τα
1980 1698 2101 1782 μὲν
2149 1720 2279 1784 γαρ
2324 1699 2416 1779 τῷ
2461 1693 2593 1774 ἔξω

381 1801 566 1886 ἔχειν,
610 1795 695 1866 τὰ
739 1802 809 1868 δὲ
853 1801 946 1884 τῷ
989 1800 1396 1886 ἐστερῆσθαι
1436 1796 1680 1880 ταύτης
1721 1803 1840 1880 τῆς
1879 1797 2084 1880 ἕξεως.
2151 1798 2255 1865 Ad
2284 1821 2423 1865 eam
2451 1821 2594 1865 sen-

382 1901 643 1970 'tentiam
690 1909 960 1993 propius
1004 1905 1260 1992 quidem
1305 1903 1551 1970 accedit
1595 1903 1788 1969 lectio
1829 1904 1974 1971 eod.
2003 1903 2112 1984 Ab,
2155 1903 2273 1970 scd
2311 1927 2388 1969 ea
2422 1902 2593 1971 haud

381 2011 526 2074 scio
571 2029 650 2074 an
701 2033 774 2075 ex
818 2013 955 2096 ipsa
999 2008 1344 2075 Alexandri
1388 2010 1915 2095 interpretatione
1961 2008 2432 2095 quodammodo
2476 2008 2594 2073 ssu-

379 2117 566 2178 xerit.
668 2113 921 2199 Reliqui
979 2124 1188 2178 autem
1247 2113 1393 2179 libri
1450 2123 1706 2199 praeter
1754 2111 1982 2177 ETAb
2029 2112 2182 2199 qnid
2236 2112 2592 2192 exhibeant,

380 2215 718 2283 Bekkerus
763 2216 1128 2306 significare
1174 2221 1412 2294 omisit;
1470 2227 1816 2305 propterea
1860 2216 2172 2296 dubitavi,
2231 2237 2421 2303 quum
2465 2228 2590 2282 tam

378 2322 623 2386 incerta
671 2324 882 2387 omnia
928 2327 1070 2400 sint,
1114 2321 1329 2388 locum
1376 2324 1763 2387 coniecturis
1807 2331 2071 2386 tentare.

517 2427 603 2505 3)
652 2422 1095 2511 ἀδυναμία,
1142 2421 1577 2494 ἀδύνατον.
1625 2428 1975 2491 ⁶15--2L
2054 2421 2397 2509 ἀδυναμία
2435 2445 2591 2512 (μω

376 2530 551 2593 niam
598 2538 696 2594 est
739 2534 1013 2616 privatio
1060 2537 1405 2619 potentiae,
1448 2541 1716 2618 utraque
1747 2533 1817 2596 in
1852 2551 1922 2596 se
1956 2532 2185 2617 recipit
2216 2528 2591 2607 discrimina,

377 2643 451 2697 et
494 2653 655 2717 quae
700 2640 898 2719 petita
943 2645 1094 2701 sunt
1139 2658 1214 2702 ex
1251 2641 1517 2702 notione
1554 2638 1949 2724 privationis,
1989 2637 2338 2712 ὀ17-19,
2383 2633 2462 2697 cf.
2506 2632 2592 2699 ad

378 2738 437 2802 Δ
481 2738 585 2812 22,
634 2746 700 2801 et
745 2760 908 2824 quae
949 2741 1168 2804 insunt
1209 2744 1333 2827 ipsi
1376 2743 1706 2827 potentiae
1750 2741 2019 2818 notioni,
2064 2739 2412 2804 1119-21.

519 2841 723 2905 101912
750 2842 854 2906 16.
924 2837 1192 2925 ἄρσις,
1235 2842 1409 2931 quod
1440 2844 1669 2909 eodem
1700 2864 1893 2908 sensu
1925 2841 2358 2929 accipiendum
2391 2852 2489 2906 est
2517 2863 2593 2906 ae

377 2946 683 3029 στέρησις
729 2940 1071 3034 ἀπόφασις
1114 2944 1468 3034 ἀναίρεσις,
1513 2946 1683 3033 apud
1728 2951 2109 3033 interpretes
2155 2945 2406 3032 quidem
2453 2946 2592 3010 Ari-

374 3046 633 3112 stotelis
682 3047 971 3113 Graecos
1025 3054 1374 3131 invenitur,
1433 3050 1611 3117 Alex.
1668 3049 1749 3116 ad
1796 3052 1915 3115 An.
1966 3072 2061 3136 pr.
2107 3050 2253 3114 sch.
2303 3050 2461 3115 14611
2500 3052 2592 3115 20

373 3155 406 3232 (
423 3151 502 3215 cf.
549 3149 757 3234 αἴρειν
801 3158 1168 3238 oppositum
1206 3156 1411 3220 verbo
1449 3155 1719 3221 τιθέναι
1747 3154 1916 3218 Sext.
1946 3154 2126 3239 Emp.
2158 3153 2382 3240 Pyrrh.
2413 3152 2587 3240 Hyp.

372 3255 407 3320 Ι
456 3256 557 3318 10.
604 3279 667 3341 p.
701 3258 761 3334 5,
795 3258 839 3320 2
885 3257 1065 3339 Bk.>,
1111 3259 1281 3346 apud
1311 3264 1513 3345 ipsum
1543 3257 1953 3323 Aristotelem
1999 3269 2298 3343 quantum
2334 3259 2599 3325 memini

373 3380 513 3422 non
559 3358 823 3447 legitur,
872 3384 1246 3448 quamquam
1292 3364 1374 3428 de
1421 3361 1732 3450 negandis
1778 3360 2165 3426 tollendisve
2210 3358 2589 3425 notionibus
2659 3433 2665 3439 ,

375 3465 750 3547 saepissime
793 3478 1037 3553 agatur,
1080 3478 1153 3532 ut
1198 3471 1332 3532 eius
1376 3465 1673 3532 vocabuli
1711 3464 2060 3552 usurpandi
2093 3465 2361 3551 plurima
2399 3464 2591 3529 fuerit

380 3569 658 3631 occasio.
729 3568 900 3634 Num
941 3570 1344 3637 retinendum
1390 3574 1472 3636 sit
1512 3574 1582 3635 in
1625 3579 1802 3635 textu
1838 3591 1975 3634 cum
2016 3567 2344 3633 codicibus
2382 3588 2589 3654 propo

377 3670 691 3749 omnibus,
736 3695 818 3737 an
866 3697 1008 3740 cum
1053 3674 1219 3741 libro
1265 3676 1378 3755 Ab,
1424 3694 1697 3762 quocum
1736 3673 2095 3739 Alexander
2138 3671 2393 3736 videtur
2435 3692 2589 3736 cona

376 3777 632 3854 sentire,
677 3778 1090 3843 omittendum
1137 3772 1328 3860 ἄρσις
1371 3800 1469 3854 τις
1515 3789 1579 3842 et
1621 3798 1741 3863 pro
1788 3778 2173 3866 glossemate
2209 3774 2586 3853 babendum,

377 3876 627 3943 dubit‘o.
702 3878 899 3963 Quod
934 3882 1567 3969 Trendelenburgius
1598 3884 1743 3947 Kat.
1780 3906 1845 3968 p.
1879 3884 2008 3946 104
2051 3893 2184 3946 not.
2233 3900 2351 3966 pro
2397 3873 2587 3966 ἄρσις

374 3981 779 4049 scribendum
827 3988 1103 4051 coniecit
1144 3984 1526 4075 ἀφαίρεσις,
1583 4006 1704 4052 nec
1754 4008 1875 4072 per
1927 4007 1997 4048 se
2054 3982 2390 4049 admodum
2435 4002 2587 4069 pro-

374 4084 588 4151 babile
636 4108 804 4166 esse,
859 4108 1070 4174 neque
1129 4112 1208 4154 eo
1262 4112 1448 4177 quem
1494 4088 1767 4155 contulit
1809 4089 1957 4153 loco
2006 4091 2058 4155 Δ
2101 4089 2210 4152 22.
2256 4090 2461 4153 10225
2494 4089 2583 4153 31

372 4193 525 4254 satis
569 4190 934 4256 confirmari
979 4192 1246 4259 videtur.

504 4294 592 4359 B.
681 4295 798 4359 De
843 4296 1430 4381 possibilitate.
1522 4300 1727 4364 10195
1763 4297 2073 4363 22—33.

504 4399 907 4484 Impossibile
955 4400 1018 4464 id
1066 4400 1294 4466 dicitur
1330 4406 1430 4467 cui
1469 4401 1644 4487 quod
1683 4399 2179 4467 contradictorie
2218 4401 2583 4485 oppositum

372 4513 470 4567 est
526 4506 652 4582 (ita
709 4506 874 4567 euim
931 4504 1057 4570 boc
1112 4503 1263 4569 loco
1309 4524 1432 4591 pro
1479 4508 1574 4570 rei
1618 4517 1844 4571 natura
1888 4506 2074 4569 notio
2118 4502 2241 4568 τοῦ
2280 4504 2589 4568 ἐναντίον
