3109 5175
1173 386 1241 458 A
1296 383 1408 455 11.
1491 381 1767 457 loma.
2424 383 2571 459 251

362 561 628 625 laneam
674 567 885 626 autem
929 558 1108 645 quod
1138 559 1335 645 plano
1367 580 1510 625 ease
1546 562 1826 645 priorem
1858 561 2066 639 sumit,
2109 558 2283 630 unde
2318 564 2575 628 tectim-

368 664 580 730 dinem
623 667 904 751 priorem
943 683 1092 729 esse
1133 663 1384 751 colligit
1431 662 1758 741 laevitate,
1817 661 1900 728 ad
1953 672 2239 749 quartam
2295 663 2577 732 referen-

368 766 518 834 dum
564 778 666 832 est
701 769 826 834 τοῦ
861 771 1186 854 προτέρου
1227 770 1577 833 notionem.

500 872 586 951 d)
624 871 834 936 1019·
856 873 1115 936 2-14,
1175 871 1420 956 Quarta
1451 870 1577 935 τοῦ
1596 873 1922 956 προτέρου
1950 868 2355 958 εἰςοίίὶούο,
2385 892 2577 955 quum

370 973 626 1061 quidem
679 985 910 1039 natura
970 984 1052 1056 et·
1085 978 1360 1042 essentia
1406 977 1625 1060 priora
1666 993 1747 1039 ea
1791 995 1933 1038 esse
1977 973 2173 1052 dicit,
2218 994 2387 1059 quae
2428 994 2577 1060 pos·

370 1088 526 1144 suut
563 1099 704 1143 esse
746 1081 888 1142 sine
929 1076 1088 1154 aliis,
1133 1078 1256 1143 alia
1301 1099 1436 1144 non
1484 1077 1750 1165 perinde
1794 1080 1934 1142 sine
1975 1080 2073 1155 iis,
2121 1098 2381 1163 prorsus
2428 1099 2578 1143 con·

372 1184 527 1246 cinit
559 1203 700 1246 cum
730 1180 1110 1246 defiuitione
1138 1177 1362 1266 ἀρχῆς,
1398 1183 1469 1248 Κ
1503 1186 1563 1248 1.
1598 1185 1807 1249 1060·
1834 1182 1901 1247 l:
1948 1175 2118 1265 ἀρχὴ
2156 1173 2285 1268 γὰρ
2318 1178 2395 1246 τὸ
2426 1202 2579 1247 συν-

372 1287 710 1370 αναιροῦν.
788 1285 926 1348 Hac
967 1284 1375 1352 distinctione
1420 1287 1598 1373 quod
1630 1285 1963 1352 Platonem
2012 1284 2165 1349 dicit
2208 1306 2391 1350 umm
2420 1305 2579 1364 esse,

373 1387 602 1452 frustra
643 1391 712 1453 in
759 1389 894 1453 eius
940 1387 1134 1465 libris,
1180 1391 1288 1475 qui
1327 1402 1589 1468 exstant,
1631 1390 1743 1455 ubi
1780 1389 1848 1454 id
1886 1389 2110 1454 fecerit
2142 1409 2439 1474 quaeram
2483 1411 2581 1454 re*

373 1496 621 1579 spicere
667 1491 1076 1558 Aristotelem
1120 1491 1281 1557 illud
1323 1496 1508 1578 prius
1549 1505 1615 1559 et
1656 1495 1991 1580 posterius,
2046 1490 2221 1578 quod
2266 1491 2580 1557 idealibus

375 1600 655 1661 numeris
699 1600 1066 1683 saepissime
1110 1596 1427 1674 tribuitur,
1472 1597 1552 1662 cf.
1600 1597 1681 1661 ad
1725 1597 1793 1661 B
1820 1597 1883 1661 3.
1923 1599 2091 1662 999·
2119 1599 2177 1662 7.
2226 1598 2314 1662 Μ
2334 1599 2397 1674 6,
2440 1617 2583 1682 spe—

375 1703 550 1765 ciosa
595 1712 693 1766 est
738 1704 1104 1766 coniectura
1137 1700 1716 1789 Trendelenburgii
1762 1699 1843 1765 de
1888 1697 1973 1765 id.
2016 1708 2081 1786 p.
2112 1701 2199 1765 81
2247 1709 2313 1764 et
2344 1699 2581 1766 Zelleri

375 1801 608 1868 Gesch.
641 1804 720 1869 11.
749 1827 811 1889 p.
843 1803 993 1883 213,
1035 1804 1153 1870 sed
1199 1826 1274 1869 ee
1317 1825 1468 1869 num
1511 1810 1598 1869 sit
1632 1827 1785 1869 vera
1816 1803 2062 1869 dubito.
2097 1839 2179 1860 --
2226 1804 2355 1868 lam
2388 1823 2583 1889 quum

375 1904 459 1970 ad
501 1910 832 1971 notionem
877 1909 996 1972 τοῦ
1038 1912 1362 1993 προτέρου
1404 1907 1838 1995 explicandam
1887 1910 2202 1973 essentiae
2246 1911 2429 1972 notio
2474 1905 2583 1971 ad·

375 2013 530 2075 scita
575 2011 676 2090 sit,
729 2012 914 2077 huius
962 2015 1147 2078 etiam
1194 2011 1550 2077 discrimina
1597 2010 1681 2076 ad
1723 2010 1894 2076 illam
1941 2008 2373 2097 pertinebunt.
2460 2009 2585 2073 Ita-

378 2135 502 2200 que
547 2119 811 2201 primum
857 2115 964 2180 ubi
1005 2118 1364 2203 categorias
1404 2115 1863 2202 distinguimus,
1907 2114 2259 2179 subiectum
2298 2112 2585 2178 acciden-

375 2216 547 2282 tibus
592 2217 826 2305 (Phys.
862 2220 892 2284 l
925 2222 989 2284 6.
1030 2221 1196 2284 1890
1217 2220 1365 2298 31),
1409 2218 1758 2284 substantia
1804 2216 2063 2302 reliquis
2108 2219 2449 2303 categoriis
2488 2229 2587 2282 est

376 2326 573 2407 prior,
616 2323 676 2385 Ζ
706 2324 765 2387 1.
799 2321 1010 2388 1028·
1031 2325 1140 2388 32.
1207 2320 1465 2387 Deinde
1496 2326 1793 2408 quoniam
1825 2320 2239 2408 distinguitur
2268 2331 2410 2385 actu
2444 2342 2586 2386 esse

381 2435 446 2488 et
490 2428 777 2511 potentia
813 2445 973 2505 esse,
1017 2425 1141 2491 alia
1175 2427 1424 2500 ratione
1458 2425 1767 2511 quaedam
1804 2436 1966 2504 actu,
2012 2425 2134 2490 alia
2169 2429 2458 2511 potentia
2496 2424 2586 2492 di-

377 2527 578 2595 cenda
617 2540 802 2595 enmt
833 2533 1046 2616 priora
1084 2551 1242 2596 esse.
1311 2528 1536 2595 Veluti
1568 2540 1791 2608 totum,
1827 2532 2124 2616 quoniam
2160 2530 2404 2595 formae
2439 2529 2586 2596 ade-

379 2643 557 2719 ptum
604 2644 702 2697 est
740 2634 1200 2719 perfectionem
1248 2646 1313 2700 et
1356 2637 1979 2711 consummationem,
2024 2632 2104 2698 ad
2151 2656 2334 2721 quam
2380 2638 2587 2700 omnis

381 2735 587 2802 tendit
613 2739 947 2824 generatio
977 2738 1085 2820 (cf.
1118 2738 1290 2825 quod
1325 2738 1677 2825 exemplum
1707 2738 1896 2803 affert
1917 2737 2057 2803 Pol.
2082 2738 2111 2802 1
2137 2740 2197 2803 2.
2224 2739 2433 2804 12530
2454 2739 2587 2821 19),

379 2844 556 2927 prius
603 2850 704 2905 cst
743 2851 964 2906 natura
1011 2851 1078 2906 et
1118 2852 1263 2906 actu
1310 2845 1442 2908 suis
1483 2841 1789 2929 partibus,
1832 2863 1998 2927 quae
2026 2845 2314 2927 potentia
2346 2853 2619 2907 tantum*

381 2947 598 3009 insunt
655 2955 722 3009 et
775 2944 991 3010 soluto
1050 2944 1300 3012 denium
1358 2956 1500 3010 toto
1557 2964 1834 3030 corpore
1888 2965 2008 3030 per
2062 2966 2134 3009 se
2184 2957 2250 3010 et
2290 2944 2589 3012 absolute

381 3052 710 3134 (quamvis
768 3044 1128 3133 ὁμωνύμως
1165 3049 1398 3128 modo,
1454 3050 1535 3114 cf.
1584 3051 1646 3113 Z
1689 3049 1791 3114 10.
1840 3048 2042 3113 1⁰:35⁶
2080 3049 2215 3129 25)
2262 3052 2586 3115 exsistunt.

379 3151 486 3217 De
528 3163 671 3218 toto
719 3166 784 3217 et
825 3151 1129 3238 partibus,
1174 3165 1381 3219 utrum
1419 3158 1508 3219 sit
1552 3156 1746 3240 prius,
1794 3151 1872 3217 cf.
1914 3154 2004 3218 M
2026 3153 2089 3218 8.
2138 3155 2341 3220 108&
2372 3156 2417 3218 2
2452 3176 2586 3241 sqq.

383 3254 446 3319 Z
475 3258 576 3334 10,
621 3254 704 3320 de
747 3266 894 3320 actu
941 3266 1010 3321 et
1050 3259 1356 3342 potentia,
1402 3268 1608 3323 utrum
1654 3260 1832 3342 prius
1876 3261 1960 3321 sit
2000 3268 2209 3323 utrum
2249 3260 2590 3343 posterius,

379 3358 673 3425 subtilius
726 3358 1006 3445 disputat
1051 3360 1114 3426 Θ
1154 3362 1217 3426 8.
1267 3397 1348 3411 -
1407 3362 1708 3446 Denique
1753 3358 1957 3423 addit:
2008 3356 2260 3445 τρόπον
2302 3358 2385 3441 δή
2438 3383 2591 3426 τινα

381 3458 603 3529 πάντα
660 3457 748 3528 τὰ
800 3458 1124 3549 πρότερον
1177 3464 1292 3528 καὶ
1334 3458 1613 3550 ὕστερον
1657 3459 1978 3546 λεγόμενα
2021 3460 2192 3527 κατὰ
2236 3468 2449 3529 ταῦτα
2489 3466 2593 3529 λέ-

379 3588 580 3649 γεται,
618 3569 773 3631 all.
860 3566 1047 3651 Quae
1087 3567 1377 3632 dicantur
1410 3571 1639 3645 ταῦτα,
1686 3587 1953 3652 quorum
2000 3567 2081 3631 ad
2126 3566 2591 3631 similitudinem

383 3668 624 3755 reliqua
685 3673 895 3735 omnia
952 3669 1059 3734 vel
1116 3674 1330 3756 priora
1392 3672 1684 3739 dicantur
1726 3669 1831 3735 vel
1875 3673 2259 3755 posteriora,
2319 3670 2593 3735 dubitari

383 3784 620 3860 potest.
690 3773 903 3858 Quum
951 3777 1115 3839 euim
1162 3777 1464 3861 proximis
1502 3798 1665 3861 quae
1706 3771 2091 3839 antecedunt
2123 3775 2335 3839 verbis
2372 3774 2452 3839 de
2480 3795 2595 3860 po-

382 3880 584 3941 tentia
629 3888 697 3942 et
740 3887 886 3943 actu
929 3876 1310 3963 disputetur,
1357 3891 1422 3944 et
1467 3878 1690 3945 eadem
1737 3875 2050 3964 exempla,
2094 3898 2257 3963 quae
2300 3878 2385 3943 ad
2428 3879 2594 3942 hauc

383 3981 918 4069 significationem
958 3980 1392 4047 illustrandam
1440 3983 1633 4049 allata
1680 3993 1886 4062 erant,
1942 3985 2065 4047 iam
2108 3985 2448 4062 steten-r,
2502 3985 2596 4048 ni—

383 4087 608 4151 mirum
638 4099 840 4151 totum
873 4096 941 4151 et
966 4108 1130 4172 pars,
1163 4085 1507 4152 Alexandri
1541 4087 1901 4174 explicatio,
1937 4088 2045 4172 qui
2084 4081 2204 4152 τὸν
2238 4088 2360 4153 τοῦ
2394 4081 2596 4152 δυνά-

384 4211 493 4271 μει
528 4190 641 4254 καὶ
677 4193 972 4275 ἐνεργείᾳ
1004 4186 1250 4276 τρόπον
1289 4190 1775 4279 intelligendum
1809 4212 1951 4256 esse
1979 4193 2200 4257 statuit
2227 4214 2288 4276 p.
2313 4193 2462 4268 35⁰,
2495 4192 2597 4267 17,

385 4291 581 4358 habet
623 4314 800 4371 sane,
860 4316 973 4359 cur
1024 4293 1378 4380 probabilis
1421 4295 1733 4360 videatur.
1822 4294 1953 4359 Sed
1999 4295 2228 4360 frustra
2274 4295 2598 4379 quaesive-

385 4398 504 4474 ris,
563 4398 891 4483 quomodo
951 4397 1057 4463 vel
1114 4420 1254 4463 cum
1317 4398 1635 4464 levissima
1690 4402 1903 4485 specie
1958 4401 2245 4463 veritatis
2298 4396 2381 4462 ad
2430 4398 2600 4463 hunc

384 4498 643 4565 modum
681 4502 800 4568 τοῦ
834 4497 1107 4586 δυνάμει
1133 4504 1246 4567 καὶ
1276 4505 1573 4585 ἐνεργείᾳ
1599 4502 1847 4588 reliqua
1874 4502 2117 4567 referas
2146 4505 2381 4581 omnia,
2410 4523 2599 4588 quae-
