3109 5175
573 331 719 408 422
1417 335 1462 404 1
1502 330 1573 404 2.
1656 330 1923 405 10540„

707 510 1220 590 &hm—013.
1310 509 1384 573 In
1429 509 1687 595 reliquis
1736 517 1994 595 praeter
2048 506 2459 573 substantiam
2518 517 2781 595 catego-

575 616 782 680 riis''si
827 606 1124 701 ponimus
1167 634 1389 692 unum,
1446 636 1578 701 quo
1634 611 1879 699 reliqua
1935 610 2216 677 eiusdem
2259 614 2516 700 generis
2559 612 2780 674 metia-

575 739 713 784 mur
757 730 822 784 et
863 738 1278 796 numeremus,
1323 716 1484 782 illud
1528 740 1720 783 unum
1768 715 2004 802 ubique
2048 718 2283 781 chrum]
2320 714 2639 802 quidpiam
2680 723 2785 779 est

577 821 859 888 eiusdem
916 824 1201 910 genem,
1258 820 1436 888 velut
1480 825 1545 886 in
1593 820 1917 887 coloribus
1958 818 2295 885 metiendis
2342 831 2407 883 et
2449 839 2783 883 numeran-

578 926 676 991 dis
734 925 1046 1002 colorem,
1104 929 1168 989 in
1226 929 1402 991 sonis
1459 948 1688 991 sonum
1752 935 2063 1011 tamquam
2117 927 2420 988 unitatem
2464 926 2785 1010 ponimus,

577 1052 701 1094 nec
756 1053 912 1095 vero
971 1052 1233 1115 usquam
1290 1033 1493 1117 ipsum
1555 1052 1674 1116 per
1716 1050 1787 1093 se
1833 1049 2042 1093 unum.
2133 1029 2261 1093 Iam
2307 1047 2465 1092 vero
2512 1024 2783 1091 eandem

578 1144 843 1219 oportet
900 1138 1176 1198 omnium
1239 1156 1378 1198 esse
1440 1136 1900 1221 categoriarum
1959 1134 2301 1208 rationem,
2355 1133 2513 1207 ⁶24,
2550 1132 2673 1208 ⁶8,
2718 1133 2783 1194 9.

580 1239 755 1325 Ergo
803 1241 989 1301 etiam
1035 1241 1097 1301 in
1143 1238 1509 1303 substantiis
1547 1250 1681 1302 'una
1726 1235 2031 1324 quaedam
2078 1237 2429 1300 substantia
2468 1246 2785 1320 tamquam

579 1343 787 1405 unitas
832 1340 1193 1425 quaerenda
1242 1350 1368 1419 est,
1426 1363 1549 1428 qua
1608 1352 1848 1406 ceteras
1898 1342 2257 1413 metiamur.
2314 1360 2436 1404 nec
2479 1337 2784 1424 ponenda

579 1446 714 1531 ipsa
764 1465 880 1532 per
923 1466 995 1509 se
1038 1447 1273 1525 unitas,
1332 1465 1495 1531 quae
1540 1447 1604 1509 in
1654 1467 1766 1523 eo,
1810 1444 1984 1533 quod
2031 1455 2128 1509 est
2171 1445 2412 1520 unitas,
2456 1463 2629 1507 suam
2676 1442 2787 1506 ha·

580 1547 731 1613 beat
775 1552 1129 1614 essentiam.

714 1652 892 1716 Haec
930 1653 1066 1718 fere
1111 1652 1595 1740 argumentandi
1632 1656 1827 1728 ratim
1872 1657 1940 1717 in
1981 1640 2433 1717 constituendo
2466 1659 2641 1714 textu
2674 1646 2791 1713 ali-

581 1760 836 1844 quoties
880 1754 988 1822 vel
1031 1759 1265 1821 recessi
1312 1779 1346 1819 a
1392 1761 1770 1823 recensione
1800 1756 2005 1822 Bekk.
2038 1756 2144 1821 vel
2178 1753 2605 1820 recedendum
2645 1773 2790 1817 esse

584 1859 873 1925 arbitror.
965 1861 1331 1926 Pronomen
1380 1862 1779 1927 indefinitum
1825 1885 1950 1939 τις,
2006 1884 2071 1926 τι
2125 1860 2461 1947 aliquoties
2507 1856 2618 1922 ubi
2661 1877 2793 1920 ma-

457 1998 464 2003 ·
582 1967 724 2033 iore
783 1987 922 2030 cum
965 1967 1029 2028 vi
1078 1969 1561 2051 pronunciatum
1612 1965 1890 2044 videtur,
1948 1975 2018 2029 ut
2073 1975 2309 2030 certum
2355 1961 2673 2048 quidpiam
2718 1969 2790 2024 et

584 2068 915 2134 definitum
963 2068 1282 2156 significet
1327 2081 1392 2133 et
1436 2081 1806 2157 opponatur
1848 2071 2101 2135 notioni
2147 2064 2489 2133 universali
2534 2065 2655 2144 (cf.
2706 2062 2793 2129 ad

587 2173 653 2237 Γ
687 2175 749 2237 2.
799 2173 1001 2239 1003b
1037 2174 1183 2253 33),
1229 2182 1481 2238 retento
1529 2185 1793 2239 accentu
1840 2175 2081 2259 scripsi,
2129 2171 2279 2237 licet
2321 2192 2441 2258 per
2484 2191 2794 2258 gramma-

584 2276 735 2341 ticas
782 2277 960 2364 leges
1008 2297 1146 2340 eum
1196 2277 1540 2342 transferre
1587 2278 1818 2343 debeat
1862 2282 1929 2342 in
1965 2276 2347 2342 vocabulum
2386 2273 2793 2351 antecedens,

581 2378 782 2443 veluti
816 2382 974 2444 ⁶26:
1019 2384 1091 2443 ἐν
1130 2388 1268 2456 τοῖς
1302 2388 1518 2457 ποιοῖς
1551 2385 1691 2446 ἐστὶ
1727 2385 1805 2446 τὶ
1841 2377 1919 2446 τὸ
1964 2382 2032 2447 ἓν
2075 2383 2187 2446 καὶ
2230 2382 2354 2456 τὶς
2398 2374 2612 2469 φύσις,
2658 2400 2795 2442 cer-

585 2493 713 2548 tum
755 2482 1074 2569 quidpiam
1119 2495 1183 2547 et
1218 2482 1568 2564 definitum,
1613 2484 1875 2550 definita
1913 2485 2218 2571 quaedam
2250 2497 2472 2549 natura
2508 2496 2604 2548 est
2631 2481 2794 2548 illud

583 2587 757 2674 quod
797 2593 1060 2675 ponitur
1099 2610 1311 2653 unum.
1380 2589 1560 2653 Item:
1604 2582 1680 2654 τὸ
1719 2592 1786 2656 ἓν
1822 2585 1907 2656 ἂν
1946 2580 2029 2671 ἦν
2066 2593 2143 2655 τὶ
2189 2595 2256 2655 ἕν
2296 2591 2443 2667 ⁶36,
2493 2591 2703 2654 1054a
2728 2590 2792 2653 ¹7.

584 2692 852 2756 Secutus
894 2695 958 2756 in
995 2694 1089 2757 his
1127 2716 1262 2758 sum
1302 2693 1668 2779 exemplum,
1713 2694 1886 2781 quod
1924 2700 2061 2780 ipse
2092 2694 2424 2759 Bekkerus
2455 2686 2611 2756 alilii
2644 2711 2796 2778 pro-

581 2798 814 2881 posuit,
860 2796 938 2860 cf.
979 2797 1047 2860 B
1076 2800 1135 2862 4.
1173 2801 1336 2864 9991>
1364 2801 1464 2864 19.
1515 2801 1579 2863 Ζ
1604 2800 1707 2865 13.
1751 2801 1952 2864 10386
1976 2801 2081 2863 33.
2114 2796 2193 2861 al.
2238 2834 2318 2847 —
2366 2795 2624 2862 Deinde
2661 2797 2797 2860 ⁶29

584 2892 756 2962 ἀλλὰ
801 2894 936 2982 μὴν
979 2903 1049 2965 ἕν
1091 2924 1164 2985 γε
1205 2897 1547 2987 χρώμασίν
1592 2907 1727 2968 ἐστι
1770 2898 1846 2969 τὸ
1886 2905 1955 2969 ἓν
1989 2904 2241 2987 χρῶμα,
2289 2911 2435 2966 ante
2481 2895 2556 2965 τὸ
2603 2901 2672 2966 ἓν
2716 2919 2797 2962 ex

584 3002 729 3066 eod,
763 3003 832 3066 E
873 3003 1231 3069 addendum
1276 3005 1529 3070 videtur
1572 3005 1756 3084 idem,
1805 3007 1887 3072 de
1933 3028 2061 3092 quo
2090 3025 2277 3070 nunc
2314 3004 2601 3081 disserui,
2647 3024 2799 3090 pro-

583 3126 817 3170 nomen
864 3108 945 3184 ri,
993 3112 1358 3193 praesertim
1406 3132 1597 3194 quum
1639 3132 1774 3175 eam
1818 3109 2160 3176 lectionem
2200 3107 2540 3175 Alexandri
2577 3119 2799 3174 aucto—

585 3213 736 3274 ritas
781 3208 1076 3276 videatur
1119 3212 1495 3278 confirmare
1541 3237 1606 3300 p.
1640 3216 1786 3292 585,
1832 3217 1946 3279 30:
2004 3215 2140 3280 ἔστι
2198 3206 2326 3300 γὰρ
2384 3217 2454 3277 ἐν
2492 3206 2801 3295 χρώμασι

581 3316 658 3378 τὶ
703 3307 779 3378 τὸ
824 3313 894 3380 ἓν
939 3311 1083 3380 οἷον
1127 3309 1204 3380 τὸ
1251 3313 1496 3382 λευκόν.
1526 3355 1607 3370 -
1658 3319 1821 3383 Tum
1855 3320 2064 3383 105411
2090 3319 2136 3382 8
2182 3339 2369 3403 quum
2402 3315 2549 3379 libri
2580 3317 2800 3401 scripti

584 3416 876 3504 plerique
922 3418 1221 3512 habeant:
1267 3417 1415 3486 ἀλλ’
1456 3418 1598 3507 οὐχὶ
1643 3423 1839 3487 τοῦτο
1886 3419 2093 3487 αὐτοῦ
2134 3418 2177 3501 ἡ
2225 3418 2435 3498 οὐσία,
2482 3441 2645 3483 unus
2692 3439 2802 3483 au-

583 3531 709 3588 tem
739 3522 855 3587 Ab:
901 3519 1049 3587 ἀλλ’
1091 3521 1235 3608 οὐχὶ
1277 3526 1475 3590 τοῦτο
1523 3521 1685 3591 αὐτὸ
1730 3523 1774 3605 ἡ
1818 3523 2029 3602 οὐσία,
2072 3528 2413 3614 genuinam
2453 3522 2802 3587 lectionem

586 3645 660 3691 ex
693 3637 964 3712 utraque
993 3632 1212 3713 putavi
1247 3629 1789 3717 coniungendam:
1822 3626 1967 3693 ἀλλ’
2007 3627 2152 3713 οὐχὶ
2187 3629 2385 3694 τοῦτο
2422 3621 2618 3692 aoid
2654 3622 2802 3691 αὑ-

583 3732 728 3794 τοῦ
775 3727 815 3810 ἡ
864 3727 1077 3794 οὐσία.
1161 3732 1304 3796 Huc
1348 3732 1525 3797 ducit
1570 3744 1635 3797 et
1680 3734 2068 3819 comparatio
2116 3733 2404 3797 locorum
2452 3729 2805 3795 simillimo-

583 3857 719 3898 rum
767 3836 973 3900 1053&
1012 3837 1128 3900 28:
1188 3831 1293 3900 ὅτι
1344 3839 1541 3903 τοῦτο
1597 3833 1760 3916 αὐτὸ
1804 3836 1848 3916 ἡ
1894 3832 2090 3926 φύσις
2135 3833 2370 3913 αὐτοῖ,
2431 3837 2642 3900 1054·
2687 3836 2801 3899 lo:

584 3940 700 4001 καὶ
747 3932 1034 4015 οὐθενὸς
1075 3934 1275 4003 τοῦτό
1320 3935 1382 4022 y’
1422 3934 1584 4004 αὐτὸ
1632 3936 1673 4020 ἡ
1720 3936 1916 4030 φύσις
1958 3934 2035 4005 τὸ
2081 3944 2167 4017 ἕν,
2214 3948 2281 4002 et
2312 3937 2655 4004 Alexandri
2698 3959 2805 4001 ex-

584 4039 868 4137 plicatio·
893 4063 956 4127 p.
987 4043 1133 4120 586,
1170 4042 1284 4106 22:
1331 4046 1442 4108 καὶ
1490 4039 1608 4107 οὐκ
1653 4049 1723 4108 ὲν
1764 4038 1975 4127 τούτῳ
2019 4040 2195 4127 αὐτῷ
2239 4047 2310 4107 ἐν
2356 4044 2448 4125 τῷ
2491 4043 2588 4106 ἐνὶ
2633 4037 2806 4105 εἶναι

588 4140 918 4221 οὐσίωται,
955 4154 1021 4210 et
1050 4166 1206 4232 vero
1240 4147 1641 4211 Bessarionis
1670 4149 2145 4233 interpretatio:
2194 4168 2371 4211 «non
2408 4155 2617 4209 autem
2654 4131 2809 4208 hoc

585 4249 846 4332 ipsum
900 4247 1252 4312 substantia
1297 4252 1472 4314 eius
1517 4253 1663 4314 sita·
1710 4287 1790 4301 -
1848 4252 2149 4337 Denique
2193 4233 2329 4314 «123
2375 4272 2490 4313 cur
2532 4271 2602 4313 τε
2650 4251 2808 4313 omi-

477 4411 486 4420 ,
588 4353 776 4414 serim
825 4363 975 4435 post
1020 4346 1214 4430 αὐτό,
1258 4372 1444 4437 quam
1491 4353 1861 4439 particulam
1910 4353 2229 4420 editiones
2273 4353 2518 4419 habent
2561 4375 2806 4432 omnes,

586 4456 854 4540 exposui
902 4453 1064 4521 obs.
1114 4478 1179 4541 p.
1214 4455 1320 4520 18.
