<?xml version="1.0" encoding="UTF-8"?>
<!DOCTYPE html PUBLIC "-//W3C//DTD XHTML 1.0 Transitional//EN"
    "http://www.w3.org/TR/xhtml1/DTD/xhtml1-transitional.dtd">
<html xmlns="http://www.w3.org/1999/xhtml" xml:lang="en" lang="en">
 <head>
  <title>
</title>
<meta http-equiv="Content-Type" content="text/html;charset=utf-8" />
  <meta name='ocr-system' content='tesseract 3.04.00' />
  <meta name='ocr-capabilities' content='ocr_page ocr_carea ocr_par ocr_line ocrx_word'/>
</head>
<body>
  <div class='ocr_page' id='page_1' title='image "aristotelismeta01bonigoog_0043.png"; bbox 0 0 3109 5175; ppageno 0'>
   <div class='ocr_carea' id='block_1_1' title="bbox 2367 373 2461 447">
    <p class='ocr_par' dir='ltr' id='par_1_1' title="bbox 2367 373 2461 447">
     <span class='ocr_line' id='line_1_1' title="bbox 2367 373 2461 447; baseline 0 0"><span class='ocrx_word' id='word_1_1' title='bbox 2367 373 2461 447; x_wconf 77' lang='lat'><strong>33</strong></span> 
     </span>
    </p>
   </div>
   <div class='ocr_carea' id='block_1_2' title="bbox 182 543 2478 3752">
    <p class='ocr_par' dir='ltr' id='par_1_2' title="bbox 182 543 2478 1881">
     <span class='ocr_line' id='line_1_2' title="bbox 274 543 2465 634; baseline 0.002 -24"><span class='ocrx_word' id='word_1_2' title='bbox 274 543 600 611; x_wconf 79' lang='lat' dir='ltr'>vernacule</span> <span class='ocrx_word' id='word_1_3' title='bbox 634 558 751 611; x_wconf 81' lang='lat' dir='ltr'><strong>eos</strong></span> <span class='ocrx_word' id='word_1_4' title='bbox 785 547 1256 634; x_wconf 69' lang='lat' dir='ltr'><strong>interpretamr,</strong></span> <span class='ocrx_word' id='word_1_5' title='bbox 1301 567 1443 612; x_wconf 83' lang='lat' dir='ltr'><strong>eum</strong></span> <span class='ocrx_word' id='word_1_6' title='bbox 1482 544 1757 634; x_wconf 80' lang='lat' dir='ltr'><strong>probare</strong></span> <span class='ocrx_word' id='word_1_7' title='bbox 1795 547 1965 615; x_wconf 87' lang='lat' dir='ltr'><strong>hunc</strong></span> <span class='ocrx_word' id='word_1_8' title='bbox 2002 546 2290 616; x_wconf 82' lang='lat' dir='ltr'><strong>ordinem</strong></span> <span class='ocrx_word' id='word_1_9' title='bbox 2326 551 2465 615; x_wconf 91' lang='lat' dir='ltr'><strong>iure</strong></span> 
     </span>
     <span class='ocr_line' id='line_1_3' title="bbox 273 647 2467 740; baseline 0.002 -26"><span class='ocrx_word' id='word_1_10' title='bbox 273 647 546 738; x_wconf 79' lang='lat' dir='ltr'><strong>colligas.</strong></span> <span class='ocrx_word' id='word_1_11' title='bbox 614 651 720 716; x_wconf 86' lang='lat' dir='ltr'><strong>Ne</strong></span> <span class='ocrx_word' id='word_1_12' title='bbox 755 650 883 715; x_wconf 83' lang='lat' dir='ltr'><strong>boc</strong></span> <span class='ocrx_word' id='word_1_13' title='bbox 912 650 1164 738; x_wconf 88' lang='lat' dir='ltr'><strong>quidem</strong></span> <span class='ocrx_word' id='word_1_14' title='bbox 1196 649 1419 716; x_wconf 86' lang='lat' dir='ltr'><strong>libello</strong></span> <span class='ocrx_word' id='word_1_15' title='bbox 1453 673 1489 716; x_wconf 79' lang='lat' dir='ltr'><strong>a</strong></span> <span class='ocrx_word' id='word_1_16' title='bbox 1522 650 1986 740; x_wconf 77' lang='lat' dir='ltr'><strong>Metnphysicis</strong></span> <span class='ocrx_word' id='word_1_17' title='bbox 2021 652 2291 731; x_wconf 87' lang='lat' dir='ltr'><strong>secluso,</strong></span> <span class='ocrx_word' id='word_1_18' title='bbox 2330 657 2467 719; x_wconf 89' lang='lat' dir='ltr'><strong>uni-</strong></span> 
     </span>
     <span class='ocr_line' id='line_1_4' title="bbox 272 753 2467 843; baseline 0.002 -25"><span class='ocrx_word' id='word_1_19' title='bbox 272 775 536 833; x_wconf 79' lang='lat' dir='ltr'><strong>versum,</strong></span> <span class='ocrx_word' id='word_1_20' title='bbox 582 757 691 841; x_wconf 78' lang='lat' dir='ltr'><strong>qui</strong></span> <span class='ocrx_word' id='word_1_21' title='bbox 735 777 907 819; x_wconf 92' lang='lat' dir='ltr'><strong>nunc</strong></span> <span class='ocrx_word' id='word_1_22' title='bbox 947 753 1273 843; x_wconf 79' lang='lat' dir='ltr'><strong>vulgatur,</strong></span> <span class='ocrx_word' id='word_1_23' title='bbox 1316 754 1624 820; x_wconf 86' lang='lat' dir='ltr'><strong>librorum</strong></span> <span class='ocrx_word' id='word_1_24' title='bbox 1671 754 1959 821; x_wconf 87' lang='lat' dir='ltr'><strong>ordinem</strong></span> <span class='ocrx_word' id='word_1_25' title='bbox 2005 767 2221 822; x_wconf 74' lang='lat' dir='ltr'><strong>metor</strong></span> <span class='ocrx_word' id='word_1_26' title='bbox 2262 768 2327 822; x_wconf 82' lang='lat' dir='ltr'><strong>et</strong></span> <span class='ocrx_word' id='word_1_27' title='bbox 2372 780 2467 822; x_wconf 91' lang='lat' dir='ltr'><strong>ar-</strong></span> 
     </span>
     <span class='ocr_line' id='line_1_5' title="bbox 271 857 2463 947; baseline 0.002 -26"><span class='ocrx_word' id='word_1_28' title='bbox 271 870 565 946; x_wconf 81' lang='lat' dir='ltr'><strong>gumento</strong></span> <span class='ocrx_word' id='word_1_29' title='bbox 611 861 879 944; x_wconf 86' lang='lat' dir='ltr'><strong>copiose</strong></span> <span class='ocrx_word' id='word_1_30' title='bbox 918 862 1209 946; x_wconf 76' lang='lat' dir='ltr'><strong>exposito</strong></span> <span class='ocrx_word' id='word_1_31' title='bbox 1247 859 1672 947; x_wconf 87' lang='lat' dir='ltr'><strong>comprobare</strong></span> <span class='ocrx_word' id='word_1_32' title='bbox 1706 857 1922 926; x_wconf 85' lang='lat' dir='ltr'><strong>studet</strong></span> <span class='ocrx_word' id='word_1_33' title='bbox 1946 860 2463 926; x_wconf 69' lang='lat' dir='ltr'><strong>Brummersti‘idt.</strong></span> 
     </span>
     <span class='ocr_line' id='line_1_6' title="bbox 271 956 2467 1053; baseline 0.001 -27"><span class='ocrx_word' id='word_1_34' title='bbox 271 962 557 1048; x_wconf 87' lang='lat' dir='ltr'><strong>Denique</strong></span> <span class='ocrx_word' id='word_1_35' title='bbox 602 961 935 1040; x_wconf 87' lang='lat' dir='ltr'><strong>Micbelet,</strong></span> <span class='ocrx_word' id='word_1_36' title='bbox 980 966 1035 1027; x_wconf 87' lang='lat' dir='ltr'><strong>si</strong></span> <span class='ocrx_word' id='word_1_37' title='bbox 1079 965 1421 1029; x_wconf 77' lang='lat' dir='ltr'><strong>omittimus</strong></span> <span class='ocrx_word' id='word_1_38' title='bbox 1466 956 1629 1050; x_wconf 76' lang='lat' dir='ltr'><strong>quae</strong></span> <span class='ocrx_word' id='word_1_39' title='bbox 1675 962 1759 1028; x_wconf 89' lang='lat' dir='ltr'><strong>de</strong></span> <span class='ocrx_word' id='word_1_40' title='bbox 1804 974 2122 1053; x_wconf 81' lang='lat' dir='ltr'><strong>tempore,</strong></span> <span class='ocrx_word' id='word_1_41' title='bbox 2168 986 2296 1050; x_wconf 88' lang='lat' dir='ltr'><strong>quo</strong></span> <span class='ocrx_word' id='word_1_42' title='bbox 2341 967 2467 1028; x_wconf 85' lang='lat' dir='ltr'><strong>sin·</strong></span> 
     </span>
     <span class='ocr_line' id='line_1_7' title="bbox 270 1065 2468 1155; baseline 0.001 -25"><span class='ocrx_word' id='word_1_43' title='bbox 270 1065 447 1154; x_wconf 83' lang='lat' dir='ltr'><strong>gulos</strong></span> <span class='ocrx_word' id='word_1_44' title='bbox 478 1066 1065 1154; x_wconf 76' lang='lat' dir='ltr'><strong>Metaphysicorum</strong></span> <span class='ocrx_word' id='word_1_45' title='bbox 1110 1066 1312 1134; x_wconf 87' lang='lat' dir='ltr'><strong>libros</strong></span> <span class='ocrx_word' id='word_1_46' title='bbox 1358 1071 1626 1155; x_wconf 83' lang='lat' dir='ltr'><strong>primum</strong></span> <span class='ocrx_word' id='word_1_47' title='bbox 1671 1069 2121 1154; x_wconf 77' lang='lat' dir='ltr'><strong>conscripserit</strong></span> <span class='ocrx_word' id='word_1_48' title='bbox 2160 1070 2468 1134; x_wconf 83' lang='lat' dir='ltr'><strong>Aristote-</strong></span> 
     </span>
     <span class='ocr_line' id='line_1_8' title="bbox 268 1169 2467 1251; baseline 0.001 -18"><span class='ocrx_word' id='word_1_49' title='bbox 268 1169 374 1249; x_wconf 85' lang='lat' dir='ltr'><strong>les,</strong></span> <span class='ocrx_word' id='word_1_50' title='bbox 414 1169 656 1236; x_wconf 88' lang='lat' dir='ltr'><strong>deinde</strong></span> <span class='ocrx_word' id='word_1_51' title='bbox 684 1171 1094 1251; x_wconf 79' lang='lat' dir='ltr'><strong>coniunxerit,</strong></span> <span class='ocrx_word' id='word_1_52' title='bbox 1130 1182 1261 1236; x_wconf 87' lang='lat' dir='ltr'><strong>tum</strong></span> <span class='ocrx_word' id='word_1_53' title='bbox 1292 1174 1725 1238; x_wconf 74' lang='lat' dir='ltr'><strong>retractaverit</strong></span> <span class='ocrx_word' id='word_1_54' title='bbox 1756 1182 1822 1237; x_wconf 83' lang='lat' dir='ltr'><strong>et</strong></span> <span class='ocrx_word' id='word_1_55' title='bbox 1849 1174 2106 1250; x_wconf 84' lang='lat' dir='ltr'><strong>auxerit,</strong></span> <span class='ocrx_word' id='word_1_56' title='bbox 2150 1175 2312 1237; x_wconf 88' lang='lat' dir='ltr'><strong>scire</strong></span> <span class='ocrx_word' id='word_1_57' title='bbox 2347 1172 2467 1236; x_wconf 85' lang='lat' dir='ltr'><strong>sibi</strong></span> 
     </span>
     <span class='ocr_line' id='line_1_9' title="bbox 267 1273 2478 1353; baseline 0 -14"><span class='ocrx_word' id='word_1_58' title='bbox 267 1275 526 1353; x_wconf 80' lang='lat' dir='ltr'><strong>videtur,</strong></span> <span class='ocrx_word' id='word_1_59' title='bbox 572 1274 654 1339; x_wconf 89' lang='lat' dir='ltr'><strong>ab</strong></span> <span class='ocrx_word' id='word_1_60' title='bbox 698 1275 819 1339; x_wconf 90' lang='lat' dir='ltr'><strong>bac</strong></span> <span class='ocrx_word' id='word_1_61' title='bbox 860 1277 1172 1340; x_wconf 85' lang='lat' dir='ltr'><strong>sententia</strong></span> <span class='ocrx_word' id='word_1_62' title='bbox 1219 1277 1303 1339; x_wconf 89' lang='lat' dir='ltr'><strong>ita</strong></span> <span class='ocrx_word' id='word_1_63' title='bbox 1350 1286 1589 1341; x_wconf 87' lang='lat' dir='ltr'><strong>tantum</strong></span> <span class='ocrx_word' id='word_1_64' title='bbox 1635 1273 1917 1353; x_wconf 82' lang='lat' dir='ltr'><strong>discedit,</strong></span> <span class='ocrx_word' id='word_1_65' title='bbox 1964 1286 2037 1340; x_wconf 88' lang='lat' dir='ltr'><strong>ut</strong></span> <span class='ocrx_word' id='word_1_66' title='bbox 2077 1274 2284 1340; x_wconf 86' lang='lat' dir='ltr'><strong>libros</strong></span> <span class='ocrx_word' id='word_1_67' title='bbox 2318 1277 2478 1340; x_wconf 86' lang='lat' dir='ltr'><strong>MN</strong></span> 
     </span>
     <span class='ocr_line' id='line_1_10' title="bbox 267 1377 2465 1465; baseline 0 -21"><span class='ocrx_word' id='word_1_68' title='bbox 267 1378 601 1465; x_wconf 84' lang='lat' dir='ltr'><strong>ponendos</strong></span> <span class='ocrx_word' id='word_1_69' title='bbox 652 1387 909 1444; x_wconf 84' lang='lat' dir='ltr'><strong>censeat</strong></span> <span class='ocrx_word' id='word_1_70' title='bbox 951 1388 1101 1444; x_wconf 89' lang='lat' dir='ltr'><strong>ante</strong></span> <span class='ocrx_word' id='word_1_71' title='bbox 1144 1378 1374 1444; x_wconf 87' lang='lat' dir='ltr'><strong>librum</strong></span> <span class='ocrx_word' id='word_1_72' title='bbox 1416 1381 1513 1445; x_wconf 82' lang='lat' dir='ltr'><strong>A.</strong></span> <span class='ocrx_word' id='word_1_73' title='bbox 1562 1415 1644 1431; x_wconf 91' lang='lat'><strong>—-</strong></span> <span class='ocrx_word' id='word_1_74' title='bbox 1703 1380 1787 1444; x_wconf 88' lang='lat' dir='ltr'><strong>Hi</strong></span> <span class='ocrx_word' id='word_1_75' title='bbox 1845 1377 2096 1465; x_wconf 89' lang='lat' dir='ltr'><strong>quidem</strong></span> <span class='ocrx_word' id='word_1_76' title='bbox 2153 1381 2272 1443; x_wconf 83' lang='lat' dir='ltr'><strong>viri</strong></span> <span class='ocrx_word' id='word_1_77' title='bbox 2318 1379 2465 1444; x_wconf 88' lang='lat' dir='ltr'><strong>dum</strong></span> 
     </span>
     <span class='ocr_line' id='line_1_11' title="bbox 266 1481 2467 1570; baseline 0 -22"><span class='ocrx_word' id='word_1_78' title='bbox 266 1484 648 1569; x_wconf 72' lang='lat' dir='ltr'><strong>patrocinari</strong></span> <span class='ocrx_word' id='word_1_79' title='bbox 670 1482 967 1548; x_wconf 82' lang='lat' dir='ltr'><strong>videntur</strong></span> <span class='ocrx_word' id='word_1_80' title='bbox 990 1486 1232 1562; x_wconf 84' lang='lat' dir='ltr'><strong>eximio,</strong></span> <span class='ocrx_word' id='word_1_81' title='bbox 1264 1481 1439 1569; x_wconf 89' lang='lat' dir='ltr'><strong>quod</strong></span> <span class='ocrx_word' id='word_1_82' title='bbox 1463 1483 1848 1569; x_wconf 87' lang='lat' dir='ltr'><strong>praedicant,</strong></span> <span class='ocrx_word' id='word_1_83' title='bbox 1880 1482 2238 1550; x_wconf 83' lang='lat' dir='ltr'><strong>Aristotelis</strong></span> <span class='ocrx_word' id='word_1_84' title='bbox 2267 1486 2467 1570; x_wconf 88' lang='lat' dir='ltr'><strong>operi,</strong></span> 
     </span>
     <span class='ocr_line' id='line_1_12' title="bbox 265 1587 2468 1673; baseline 0.001 -25"><span class='ocrx_word' id='word_1_85' title='bbox 265 1606 487 1652; x_wconf 81' lang='lat' dir='ltr'><strong>vereor</strong></span> <span class='ocrx_word' id='word_1_86' title='bbox 530 1607 619 1651; x_wconf 89' lang='lat' dir='ltr'><strong>ne</strong></span> <span class='ocrx_word' id='word_1_87' title='bbox 653 1607 949 1652; x_wconf 87' lang='lat' dir='ltr'><strong>summam</strong></span> <span class='ocrx_word' id='word_1_88' title='bbox 989 1588 1232 1651; x_wconf 87' lang='lat' dir='ltr'><strong>auctori</strong></span> <span class='ocrx_word' id='word_1_89' title='bbox 1273 1587 1551 1652; x_wconf 85' lang='lat' dir='ltr'><strong>inferant</strong></span> <span class='ocrx_word' id='word_1_90' title='bbox 1583 1588 1900 1662; x_wconf 74' lang='lat' dir='ltr'><strong>iniuriarm</strong></span> <span class='ocrx_word' id='word_1_91' title='bbox 1945 1609 2128 1673; x_wconf 89' lang='lat' dir='ltr'><strong>quam</strong></span> <span class='ocrx_word' id='word_1_92' title='bbox 2166 1589 2330 1652; x_wconf 88' lang='lat' dir='ltr'><strong>enim</strong></span> <span class='ocrx_word' id='word_1_93' title='bbox 2366 1608 2468 1651; x_wconf 85' lang='lat' dir='ltr'><strong>so-</strong></span> 
     </span>
     <span class='ocr_line' id='line_1_13' title="bbox 182 1688 2469 1778; baseline 0.001 -24"><span class='ocrx_word' id='word_1_94' title='bbox 182 1749 199 1766; x_wconf 81' lang='lat'><strong>,</strong></span> <span class='ocrx_word' id='word_1_95' title='bbox 265 1689 540 1755; x_wconf 86' lang='lat' dir='ltr'><strong>cordiam</strong></span> <span class='ocrx_word' id='word_1_96' title='bbox 589 1701 654 1755; x_wconf 84' lang='lat' dir='ltr'><strong>et</strong></span> <span class='ocrx_word' id='word_1_97' title='bbox 694 1688 1147 1778; x_wconf 77' lang='lat' dir='ltr'><strong>negligentiam</strong></span> <span class='ocrx_word' id='word_1_98' title='bbox 1192 1693 1295 1755; x_wconf 84' lang='lat' dir='ltr'><strong>vix</strong></span> <span class='ocrx_word' id='word_1_99' title='bbox 1338 1693 1406 1756; x_wconf 93' lang='lat' dir='ltr'><strong>in</strong></span> <span class='ocrx_word' id='word_1_100' title='bbox 1440 1690 1762 1756; x_wconf 80' lang='lat' dir='ltr'><strong>levissimo</strong></span> <span class='ocrx_word' id='word_1_101' title='bbox 1795 1694 2109 1777; x_wconf 79' lang='lat' dir='ltr'><strong>scriptore</strong></span> <span class='ocrx_word' id='word_1_102' title='bbox 2143 1690 2469 1756; x_wconf 80' lang='lat' dir='ltr'><strong>ferendam</strong></span> 
     </span>
     <span class='ocr_line' id='line_1_14' title="bbox 263 1793 2313 1881; baseline -0.001 -19"><span class='ocrx_word' id='word_1_103' title='bbox 263 1805 461 1881; x_wconf 83' lang='lat' dir='ltr'><strong>putes,</strong></span> <span class='ocrx_word' id='word_1_104' title='bbox 507 1814 645 1859; x_wconf 87' lang='lat' dir='ltr'><strong>eam</strong></span> <span class='ocrx_word' id='word_1_105' title='bbox 692 1814 934 1858; x_wconf 88' lang='lat' dir='ltr'><strong>summo</strong></span> <span class='ocrx_word' id='word_1_106' title='bbox 979 1793 1371 1881; x_wconf 87' lang='lat' dir='ltr'><strong>philosopho</strong></span> <span class='ocrx_word' id='word_1_107' title='bbox 1416 1793 1780 1860; x_wconf 79' lang='lat' dir='ltr'><strong>adscribere</strong></span> <span class='ocrx_word' id='word_1_108' title='bbox 1823 1815 1960 1859; x_wconf 91' lang='lat' dir='ltr'><strong>non</strong></span> <span class='ocrx_word' id='word_1_109' title='bbox 2005 1793 2313 1864; x_wconf 87' lang='lat' dir='ltr'><strong>dubitant.</strong></span> 
     </span>
    </p>

    <p class='ocr_par' dir='ltr' id='par_1_3' title="bbox 260 1896 2471 2296">
     <span class='ocr_line' id='line_1_15' title="bbox 386 1896 2469 1984; baseline 0.001 -22"><span class='ocrx_word' id='word_1_110' title='bbox 386 1896 808 1963; x_wconf 70' lang='lat' dir='ltr'><strong>Brundisii</strong></span> <span class='ocrx_word' id='word_1_111' title='bbox 847 1896 929 1962; x_wconf 87' lang='lat' dir='ltr'><strong>de</strong></span> <span class='ocrx_word' id='word_1_112' title='bbox 962 1897 1142 1963; x_wconf 89' lang='lat' dir='ltr'><strong>libris</strong></span> <span class='ocrx_word' id='word_1_113' title='bbox 1175 1899 1625 1984; x_wconf 77' lang='lat' dir='ltr'><strong>metaphysicis</strong></span> <span class='ocrx_word' id='word_1_114' title='bbox 1654 1900 2030 1964; x_wconf 83' lang='lat' dir='ltr'><strong>sententiam</strong></span> <span class='ocrx_word' id='word_1_115' title='bbox 2063 1919 2197 1963; x_wconf 92' lang='lat' dir='ltr'><strong>non</strong></span> <span class='ocrx_word' id='word_1_116' title='bbox 2229 1908 2328 1963; x_wconf 78' lang='lat' dir='ltr'><strong>est</strong></span> <span class='ocrx_word' id='word_1_117' title='bbox 2355 1920 2469 1964; x_wconf 89' lang='lat' dir='ltr'><strong>cur</strong></span> 
     </span>
     <span class='ocr_line' id='line_1_16' title="bbox 264 1999 2471 2087; baseline 0 -21"><span class='ocrx_word' id='word_1_118' title='bbox 264 1999 473 2066; x_wconf 88' lang='lat' dir='ltr'><strong>denuo</strong></span> <span class='ocrx_word' id='word_1_119' title='bbox 526 2022 868 2087; x_wconf 79' lang='lat' dir='ltr'><strong>exponam;</strong></span> <span class='ocrx_word' id='word_1_120' title='bbox 914 2005 1051 2067; x_wconf 85' lang='lat' dir='ltr'><strong>eius</strong></span> <span class='ocrx_word' id='word_1_121' title='bbox 1097 2004 1263 2066; x_wconf 86' lang='lat' dir='ltr'><strong>enim</strong></span> <span class='ocrx_word' id='word_1_122' title='bbox 1308 2004 1697 2087; x_wconf 84' lang='lat' dir='ltr'><strong>potissimam</strong></span> <span class='ocrx_word' id='word_1_123' title='bbox 1741 2004 2117 2067; x_wconf 83' lang='lat' dir='ltr'><strong>sententiam</strong></span> <span class='ocrx_word' id='word_1_124' title='bbox 2157 2023 2260 2066; x_wconf 88' lang='lat' dir='ltr'><strong>me</strong></span> <span class='ocrx_word' id='word_1_125' title='bbox 2295 2024 2471 2066; x_wconf 86' lang='lat' dir='ltr'><strong>secu-</strong></span> 
     </span>
     <span class='ocr_line' id='line_1_17' title="bbox 262 2103 2468 2194; baseline 0 -25"><span class='ocrx_word' id='word_1_126' title='bbox 262 2115 384 2169; x_wconf 90' lang='lat' dir='ltr'><strong>tum</strong></span> <span class='ocrx_word' id='word_1_127' title='bbox 430 2125 579 2170; x_wconf 90' lang='lat' dir='ltr'><strong>esse</strong></span> <span class='ocrx_word' id='word_1_128' title='bbox 624 2104 703 2170; x_wconf 89' lang='lat' dir='ltr'><strong>ab</strong></span> <span class='ocrx_word' id='word_1_129' title='bbox 746 2108 930 2172; x_wconf 87' lang='lat' dir='ltr'><strong>initio</strong></span> <span class='ocrx_word' id='word_1_130' title='bbox 979 2105 1422 2194; x_wconf 81' lang='lat' dir='ltr'><strong>disputationis</strong></span> <span class='ocrx_word' id='word_1_131' title='bbox 1469 2104 1613 2183; x_wconf 81' lang='lat' dir='ltr'><strong>dixi,</strong></span> <span class='ocrx_word' id='word_1_132' title='bbox 1658 2114 1726 2169; x_wconf 89' lang='lat' dir='ltr'><strong>et</strong></span> <span class='ocrx_word' id='word_1_133' title='bbox 1766 2104 1967 2170; x_wconf 87' lang='lat' dir='ltr'><strong>sicubi</strong></span> <span class='ocrx_word' id='word_1_134' title='bbox 2014 2103 2468 2170; x_wconf 80' lang='lat' dir='ltr'><strong>discedendum</strong></span> 
     </span>
     <span class='ocr_line' id='line_1_18' title="bbox 260 2207 1816 2296; baseline 0.001 -24"><span class='ocrx_word' id='word_1_135' title='bbox 260 2207 600 2274; x_wconf 80' lang='lat' dir='ltr'><strong>videbatur</strong></span> <span class='ocrx_word' id='word_1_136' title='bbox 640 2210 706 2273; x_wconf 87' lang='lat' dir='ltr'><strong>in</strong></span> <span class='ocrx_word' id='word_1_137' title='bbox 748 2212 888 2296; x_wconf 88' lang='lat' dir='ltr'><strong>ipsa</strong></span> <span class='ocrx_word' id='word_1_138' title='bbox 931 2211 1053 2275; x_wconf 86' lang='lat' dir='ltr'><strong>iam</strong></span> <span class='ocrx_word' id='word_1_139' title='bbox 1100 2208 1533 2296; x_wconf 87' lang='lat' dir='ltr'><strong>disputatione</strong></span> <span class='ocrx_word' id='word_1_140' title='bbox 1577 2211 1816 2274; x_wconf 88' lang='lat' dir='ltr'><strong>monui.</strong></span> 
     </span>
    </p>

    <p class='ocr_par' dir='ltr' id='par_1_4' title="bbox 260 2311 2475 3752">
     <span class='ocr_line' id='line_1_19' title="bbox 386 2311 2471 2401; baseline -0 -22"><span class='ocrx_word' id='word_1_141' title='bbox 386 2312 641 2379; x_wconf 87' lang='lat' dir='ltr'><strong>Eodem</strong></span> <span class='ocrx_word' id='word_1_142' title='bbox 668 2311 804 2377; x_wconf 78' lang='lat' dir='ltr'><strong>lere</strong></span> <span class='ocrx_word' id='word_1_143' title='bbox 832 2335 959 2400; x_wconf 90' lang='lat' dir='ltr'><strong>quo</strong></span> <span class='ocrx_word' id='word_1_144' title='bbox 982 2311 1355 2379; x_wconf 82' lang='lat' dir='ltr'><strong>Brendisius</strong></span> <span class='ocrx_word' id='word_1_145' title='bbox 1380 2324 1670 2400; x_wconf 84' lang='lat' dir='ltr'><strong>tempore</strong></span> <span class='ocrx_word' id='word_1_146' title='bbox 1697 2314 1861 2378; x_wconf 89' lang='lat' dir='ltr'><strong>banc</strong></span> <span class='ocrx_word' id='word_1_147' title='bbox 1884 2317 2322 2401; x_wconf 86' lang='lat' dir='ltr'><strong>quaestionem</strong></span> <span class='ocrx_word' id='word_1_148' title='bbox 2345 2317 2471 2378; x_wconf 82' lang='lat' dir='ltr'><strong>exi-</strong></span> 
     </span>
     <span class='ocr_line' id='line_1_20' title="bbox 260 2415 2470 2506; baseline 0.001 -27"><span class='ocrx_word' id='word_1_149' title='bbox 260 2418 376 2480; x_wconf 89' lang='lat' dir='ltr'><strong>mia</strong></span> <span class='ocrx_word' id='word_1_150' title='bbox 421 2438 568 2481; x_wconf 88' lang='lat' dir='ltr'><strong>cum</strong></span> <span class='ocrx_word' id='word_1_151' title='bbox 600 2415 891 2482; x_wconf 84' lang='lat' dir='ltr'><strong>doctrina</strong></span> <span class='ocrx_word' id='word_1_152' title='bbox 920 2428 986 2483; x_wconf 90' lang='lat' dir='ltr'><strong>et</strong></span> <span class='ocrx_word' id='word_1_153' title='bbox 1014 2416 1340 2506; x_wconf 77' lang='lat' dir='ltr'><strong>diligentia</strong></span> <span class='ocrx_word' id='word_1_154' title='bbox 1371 2421 1665 2483; x_wconf 83' lang='lat' dir='ltr'><strong>tractavit</strong></span> <span class='ocrx_word' id='word_1_155' title='bbox 1692 2421 1790 2482; x_wconf 82' lang='lat' dir='ltr'><strong>vir</strong></span> <span class='ocrx_word' id='word_1_156' title='bbox 1819 2417 2047 2484; x_wconf 88' lang='lat' dir='ltr'><strong>doctus</strong></span> <span class='ocrx_word' id='word_1_157' title='bbox 2080 2417 2470 2505; x_wconf 64' lang='lat' dir='ltr'><strong>francogal-</strong></span> 
     </span>
     <span class='ocr_line' id='line_1_21' title="bbox 262 2517 2472 2610; baseline 0.002 -28"><span class='ocrx_word' id='word_1_158' title='bbox 262 2517 355 2585; x_wconf 83' lang='lat' dir='ltr'><strong>lus</strong></span> <span class='ocrx_word' id='word_1_159' title='bbox 384 2519 624 2585; x_wconf 82' lang='lat' dir='ltr'><strong>Felix</strong></span> <span class='ocrx_word' id='word_1_160' title='bbox 654 2522 1139 2601; x_wconf 84' lang='lat' dir='ltr'><strong>Ravaisson,</strong></span> <span class='ocrx_word' id='word_1_161' title='bbox 1185 2524 1290 2610; x_wconf 88' lang='lat' dir='ltr'><strong>qui</strong></span> <span class='ocrx_word' id='word_1_162' title='bbox 1336 2521 1509 2609; x_wconf 84' lang='lat' dir='ltr'><strong>quod</strong></span> <span class='ocrx_word' id='word_1_163' title='bbox 1550 2521 1720 2588; x_wconf 86' lang='lat' dir='ltr'><strong>haud</strong></span> <span class='ocrx_word' id='word_1_164' title='bbox 1751 2525 1970 2610; x_wconf 81' lang='lat' dir='ltr'><strong>paucis</strong></span> <span class='ocrx_word' id='word_1_165' title='bbox 2001 2525 2068 2588; x_wconf 85' lang='lat' dir='ltr'><strong>in</strong></span> <span class='ocrx_word' id='word_1_166' title='bbox 2095 2523 2289 2588; x_wconf 87' lang='lat' dir='ltr'><strong>rebus</strong></span> <span class='ocrx_word' id='word_1_167' title='bbox 2322 2541 2472 2587; x_wconf 90' lang='lat' dir='ltr'><strong>con-</strong></span> 
     </span>
     <span class='ocr_line' id='line_1_22' title="bbox 261 2626 2472 2707; baseline 0 -17"><span class='ocrx_word' id='word_1_168' title='bbox 261 2628 451 2691; x_wconf 84' lang='lat' dir='ltr'><strong>sentit</strong></span> <span class='ocrx_word' id='word_1_169' title='bbox 498 2647 640 2691; x_wconf 86' lang='lat' dir='ltr'><strong>oum</strong></span> <span class='ocrx_word' id='word_1_170' title='bbox 685 2626 1053 2707; x_wconf 71' lang='lat' dir='ltr'><strong>Brundisio,</strong></span> <span class='ocrx_word' id='word_1_171' title='bbox 1113 2631 1290 2693; x_wconf 89' lang='lat' dir='ltr'><strong>cuius</strong></span> <span class='ocrx_word' id='word_1_172' title='bbox 1347 2626 1632 2692; x_wconf 78' lang='lat' dir='ltr'><strong>nondum</strong></span> <span class='ocrx_word' id='word_1_173' title='bbox 1678 2639 1949 2692; x_wconf 86' lang='lat' dir='ltr'><strong>noverat</strong></span> <span class='ocrx_word' id='word_1_174' title='bbox 1993 2629 2472 2691; x_wconf 83' lang='lat' dir='ltr'><strong>commentatio-</strong></span> 
     </span>
     <span class='ocr_line' id='line_1_23' title="bbox 262 2728 2473 2816; baseline 0.001 -23"><span class='ocrx_word' id='word_1_175' title='bbox 262 2748 432 2810; x_wconf 84' lang='lat' dir='ltr'><strong>nem,</strong></span> <span class='ocrx_word' id='word_1_176' title='bbox 486 2728 726 2816; x_wconf 88' lang='lat' dir='ltr'><strong>aliquid</strong></span> <span class='ocrx_word' id='word_1_177' title='bbox 769 2730 1023 2796; x_wconf 80' lang='lat' dir='ltr'><strong>videtur</strong></span> <span class='ocrx_word' id='word_1_178' title='bbox 1063 2731 1147 2797; x_wconf 87' lang='lat' dir='ltr'><strong>ad</strong></span> <span class='ocrx_word' id='word_1_179' title='bbox 1192 2728 1691 2797; x_wconf 85' lang='lat' dir='ltr'><strong>confirmandam</strong></span> <span class='ocrx_word' id='word_1_180' title='bbox 1738 2751 1874 2795; x_wconf 89' lang='lat' dir='ltr'><strong>eam</strong></span> <span class='ocrx_word' id='word_1_181' title='bbox 1920 2733 2297 2797; x_wconf 87' lang='lat' dir='ltr'><strong>sententiam</strong></span> <span class='ocrx_word' id='word_1_182' title='bbox 2339 2750 2473 2795; x_wconf 88' lang='lat' dir='ltr'><strong>mo-</strong></span> 
     </span>
     <span class='ocr_line' id='line_1_24' title="bbox 260 2833 2473 2920; baseline -0.001 -21"><span class='ocrx_word' id='word_1_183' title='bbox 260 2837 454 2899; x_wconf 79' lang='lat' dir='ltr'><strong>menti</strong></span> <span class='ocrx_word' id='word_1_184' title='bbox 504 2833 753 2899; x_wconf 76' lang='lat' dir='ltr'><strong>afferre.</strong></span> <span class='ocrx_word' id='word_1_185' title='bbox 837 2837 1196 2900; x_wconf 84' lang='lat' dir='ltr'><strong>Ravaisson</strong></span> <span class='ocrx_word' id='word_1_186' title='bbox 1240 2838 1407 2900; x_wconf 88' lang='lat' dir='ltr'><strong>enim</strong></span> <span class='ocrx_word' id='word_1_187' title='bbox 1451 2833 1687 2899; x_wconf 84' lang='lat' dir='ltr'><strong>librum</strong></span> <span class='ocrx_word' id='word_1_188' title='bbox 1732 2858 1778 2897; x_wconf 80' lang='lat' dir='ltr'><strong>a</strong></span> <span class='ocrx_word' id='word_1_189' title='bbox 1823 2857 1858 2898; x_wconf 87' lang='lat' dir='ltr'><strong>a</strong></span> <span class='ocrx_word' id='word_1_190' title='bbox 1904 2835 2354 2920; x_wconf 77' lang='lat' dir='ltr'><strong>metaphysicis</strong></span> <span class='ocrx_word' id='word_1_191' title='bbox 2398 2833 2473 2898; x_wconf 88' lang='lat' dir='ltr'><strong>li-</strong></span> 
     </span>
     <span class='ocr_line' id='line_1_25' title="bbox 261 2935 2471 3024; baseline 0 -22"><span class='ocrx_word' id='word_1_192' title='bbox 261 2935 388 3002; x_wconf 79' lang='lat' dir='ltr'><strong>bris</strong></span> <span class='ocrx_word' id='word_1_193' title='bbox 432 2936 520 3003; x_wconf 89' lang='lat' dir='ltr'><strong>ad</strong></span> <span class='ocrx_word' id='word_1_194' title='bbox 561 2938 867 3024; x_wconf 73' lang='lat' dir='ltr'><strong>physicos</strong></span> <span class='ocrx_word' id='word_1_195' title='bbox 911 2937 1414 3007; x_wconf 63' lang='lat' dir='ltr'><strong>uansferendum</strong></span> <span class='ocrx_word' id='word_1_196' title='bbox 1452 2948 1686 3015; x_wconf 80' lang='lat' dir='ltr'><strong>censet,</strong></span> <span class='ocrx_word' id='word_1_197' title='bbox 1730 2936 1966 3003; x_wconf 86' lang='lat' dir='ltr'><strong>deinde</strong></span> <span class='ocrx_word' id='word_1_198' title='bbox 1997 2937 2230 3003; x_wconf 84' lang='lat' dir='ltr'><strong>librum</strong></span> <span class='ocrx_word' id='word_1_199' title='bbox 2262 2938 2317 3002; x_wconf 88' lang='grc' dir='ltr'><em>Δ</em></span> <span class='ocrx_word' id='word_1_200' title='bbox 2351 2960 2471 3003; x_wconf 87' lang='lat' dir='ltr'><strong>suo</strong></span> 
     </span>
     <span class='ocr_line' id='line_1_26' title="bbox 263 3040 2474 3130; baseline 0 -25"><span class='ocrx_word' id='word_1_201' title='bbox 263 3040 409 3106; x_wconf 88' lang='lat' dir='ltr'><strong>loco</strong></span> <span class='ocrx_word' id='word_1_202' title='bbox 454 3040 843 3108; x_wconf 79' lang='lat' dir='ltr'><strong>movendum</strong></span> <span class='ocrx_word' id='word_1_203' title='bbox 886 3065 963 3108; x_wconf 88' lang='lat' dir='ltr'><strong>ac</strong></span> <span class='ocrx_word' id='word_1_204' title='bbox 1005 3041 1528 3130; x_wconf 84' lang='lat' dir='ltr'><strong>praeponendum</strong></span> <span class='ocrx_word' id='word_1_205' title='bbox 1577 3043 1876 3106; x_wconf 82' lang='lat' dir='ltr'><strong>universo</strong></span> <span class='ocrx_word' id='word_1_206' title='bbox 1920 3044 2104 3128; x_wconf 85' lang='lat' dir='ltr'><strong>operi</strong></span> <span class='ocrx_word' id='word_1_207' title='bbox 2143 3042 2474 3127; x_wconf 80' lang='lat' dir='ltr'><strong>metaphy-</strong></span> 
     </span>
     <span class='ocr_line' id='line_1_27' title="bbox 260 3144 2475 3232; baseline 0.001 -24"><span class='ocrx_word' id='word_1_208' title='bbox 260 3145 423 3220; x_wconf 86' lang='lat' dir='ltr'><strong>sioo;</strong></span> <span class='ocrx_word' id='word_1_209' title='bbox 471 3144 645 3210; x_wconf 87' lang='lat' dir='ltr'><strong>hunc</strong></span> <span class='ocrx_word' id='word_1_210' title='bbox 687 3168 827 3211; x_wconf 82' lang='lat' dir='ltr'><strong>esse</strong></span> <span class='ocrx_word' id='word_1_211' title='bbox 868 3145 1045 3212; x_wconf 80' lang='lat' dir='ltr'><strong>illum</strong></span> <span class='ocrx_word' id='word_1_212' title='bbox 1091 3147 1320 3212; x_wconf 82' lang='lat' dir='ltr'><strong>librum</strong></span> <span class='ocrx_word' id='word_1_213' title='bbox 1358 3166 1546 3231; x_wconf 88' lang='lat' dir='ltr'><strong>quem</strong></span> <span class='ocrx_word' id='word_1_214' title='bbox 1575 3145 1910 3232; x_wconf 76' lang='lat' dir='ltr'><strong>Diogenes</strong></span> <span class='ocrx_word' id='word_1_215' title='bbox 1943 3147 2294 3211; x_wconf 80' lang='lat' dir='ltr'><strong>nominavit</strong></span> <span class='ocrx_word' id='word_1_216' title='bbox 2323 3146 2475 3229; x_wconf 73' lang='grc' dir='ltr'><strong><em>περὶ</em></strong></span> 
     </span>
     <span class='ocr_line' id='line_1_28' title="bbox 260 3248 2473 3335; baseline 0 -23"><span class='ocrx_word' id='word_1_217' title='bbox 260 3248 393 3313; x_wconf 68' lang='grc' dir='ltr'><strong>τᾶν</strong></span> <span class='ocrx_word' id='word_1_218' title='bbox 463 3250 774 3334; x_wconf 75' lang='grc' dir='ltr'><strong><em>ποσαχῶς</em></strong></span> <span class='ocrx_word' id='word_1_219' title='bbox 841 3253 1232 3335; x_wconf 72' lang='grc' dir='ltr'><strong><em>λεγομένων,</em></strong></span> <span class='ocrx_word' id='word_1_220' title='bbox 1302 3260 1522 3335; x_wconf 85' lang='lat' dir='ltr'><strong>atque,</strong></span> <span class='ocrx_word' id='word_1_221' title='bbox 1592 3258 1665 3313; x_wconf 82' lang='lat' dir='ltr'><strong>ut</strong></span> <span class='ocrx_word' id='word_1_222' title='bbox 1722 3251 1808 3313; x_wconf 88' lang='lat' dir='ltr'><strong>sit</strong></span> <span class='ocrx_word' id='word_1_223' title='bbox 1860 3251 2122 3313; x_wconf 86' lang='lat' dir='ltr'><strong>seorsim</strong></span> <span class='ocrx_word' id='word_1_224' title='bbox 2182 3251 2473 3334; x_wconf 87' lang='lat' dir='ltr'><strong>scriptus,</strong></span> 
     </span>
     <span class='ocr_line' id='line_1_29' title="bbox 263 3350 2475 3440; baseline 0 -25"><span class='ocrx_word' id='word_1_225' title='bbox 263 3361 481 3437; x_wconf 85' lang='lat' dir='ltr'><strong>aptum</strong></span> <span class='ocrx_word' id='word_1_226' title='bbox 509 3362 719 3417; x_wconf 89' lang='lat' dir='ltr'><strong>tamen</strong></span> <span class='ocrx_word' id='word_1_227' title='bbox 748 3353 952 3419; x_wconf 85' lang='lat' dir='ltr'><strong>videri</strong></span> <span class='ocrx_word' id='word_1_228' title='bbox 980 3353 1062 3418; x_wconf 84' lang='lat' dir='ltr'><strong>ad</strong></span> <span class='ocrx_word' id='word_1_229' title='bbox 1092 3350 1594 3440; x_wconf 76' lang='lat' dir='ltr'><strong>praeparandam</strong></span> <span class='ocrx_word' id='word_1_230' title='bbox 1624 3355 1864 3438; x_wconf 89' lang='lat' dir='ltr'><strong>primae</strong></span> <span class='ocrx_word' id='word_1_231' title='bbox 1894 3352 2342 3439; x_wconf 77' lang='lat' dir='ltr'><strong>philosoer</strong></span> <span class='ocrx_word' id='word_1_232' title='bbox 2380 3355 2475 3416; x_wconf 90' lang='lat' dir='ltr'><strong>in-</strong></span> 
     </span>
     <span class='ocr_line' id='line_1_30' title="bbox 261 3455 2474 3542; baseline 0 -23"><span class='ocrx_word' id='word_1_233' title='bbox 261 3458 658 3521; x_wconf 83' lang='lat' dir='ltr'><strong>stitutionem</strong></span> <span class='ocrx_word' id='word_1_234' title='bbox 686 3456 760 3536; x_wconf 79' lang='lat'><strong>¹).</strong></span> <span class='ocrx_word' id='word_1_235' title='bbox 829 3456 1091 3522; x_wconf 84' lang='lat' dir='ltr'><strong>Librum</strong></span> <span class='ocrx_word' id='word_1_236' title='bbox 1135 3456 1184 3521; x_wconf 91' lang='lat' dir='ltr'><strong><em>I</em></strong></span> <span class='ocrx_word' id='word_1_237' title='bbox 1222 3476 1304 3521; x_wconf 88' lang='lat' dir='ltr'><strong>eo</strong></span> <span class='ocrx_word' id='word_1_238' title='bbox 1351 3455 1602 3542; x_wconf 87' lang='lat' dir='ltr'><strong>quidem</strong></span> <span class='ocrx_word' id='word_1_239' title='bbox 1650 3472 1793 3522; x_wconf 79' lang='lat' dir='ltr'><strong>esse</strong></span> <span class='ocrx_word' id='word_1_240' title='bbox 1837 3456 2110 3521; x_wconf 76' lang='lat' dir='ltr'><strong>consilio</strong></span> <span class='ocrx_word' id='word_1_241' title='bbox 2155 3458 2474 3541; x_wconf 84' lang='lat' dir='ltr'><strong>scriptum,</strong></span> 
     </span>
     <span class='ocr_line' id='line_1_31' title="bbox 262 3555 2473 3647; baseline -0.001 -24"><span class='ocrx_word' id='word_1_242' title='bbox 262 3567 332 3623; x_wconf 90' lang='lat' dir='ltr'><strong>nt</strong></span> <span class='ocrx_word' id='word_1_243' title='bbox 364 3560 757 3625; x_wconf 81' lang='lat' dir='ltr'><strong>insereretur</strong></span> <span class='ocrx_word' id='word_1_244' title='bbox 789 3563 1031 3646; x_wconf 84' lang='lat' dir='ltr'><strong>primae</strong></span> <span class='ocrx_word' id='word_1_245' title='bbox 1062 3559 1524 3647; x_wconf 81' lang='lat' dir='ltr'><strong>philosophiae,</strong></span> <span class='ocrx_word' id='word_1_246' title='bbox 1562 3558 1679 3625; x_wconf 90' lang='lat' dir='ltr'><strong>sed</strong></span> <span class='ocrx_word' id='word_1_247' title='bbox 1714 3561 2072 3645; x_wconf 86' lang='lat' dir='ltr'><strong>posteriore</strong></span> <span class='ocrx_word' id='word_1_248' title='bbox 2107 3555 2252 3621; x_wconf 85' lang='lat' dir='ltr'><strong>libri</strong></span> <span class='ocrx_word' id='word_1_249' title='bbox 2291 3568 2473 3643; x_wconf 90' lang='lat' dir='ltr'><strong>parte</strong></span> 
     </span>
     <span class='ocr_line' id='line_1_32' title="bbox 263 3659 2473 3752; baseline -0.001 -24"><span class='ocrx_word' id='word_1_250' title='bbox 263 3660 592 3749; x_wconf 76' lang='lat' dir='ltr'><strong>aliquanto</strong></span> <span class='ocrx_word' id='word_1_251' title='bbox 639 3663 897 3752; x_wconf 79' lang='lat' dir='ltr'><strong>longius</strong></span> <span class='ocrx_word' id='word_1_252' title='bbox 941 3662 1306 3729; x_wconf 85' lang='lat' dir='ltr'><strong>discessisse</strong></span> <span class='ocrx_word' id='word_1_253' title='bbox 1350 3662 1798 3749; x_wconf 79' lang='lat' dir='ltr'><strong>philosophum</strong></span> <span class='ocrx_word' id='word_1_254' title='bbox 1843 3660 1924 3726; x_wconf 88' lang='lat' dir='ltr'><strong>ab</strong></span> <span class='ocrx_word' id='word_1_255' title='bbox 1970 3663 2112 3748; x_wconf 86' lang='lat' dir='ltr'><strong>ipso</strong></span> <span class='ocrx_word' id='word_1_256' title='bbox 2156 3659 2321 3739; x_wconf 87' lang='lat' dir='ltr'><strong>fine,</strong></span> <span class='ocrx_word' id='word_1_257' title='bbox 2366 3662 2473 3747; x_wconf 81' lang='lat' dir='ltr'><strong>qui</strong></span> 
     </span>
    </p>
   </div>
   <div class='ocr_carea' id='block_1_3' title="bbox 263 3766 2598 3854">
    <p class='ocr_par' dir='ltr' id='par_1_5' title="bbox 263 3766 2598 3854">
     <span class='ocr_line' id='line_1_33' title="bbox 263 3766 2598 3854; baseline -0 -23"><span class='ocrx_word' id='word_1_258' title='bbox 263 3778 402 3831; x_wconf 86' lang='lat' dir='ltr'><strong>erat</strong></span> <span class='ocrx_word' id='word_1_259' title='bbox 442 3769 825 3854; x_wconf 86' lang='lat' dir='ltr'><strong>propositus,</strong></span> <span class='ocrx_word' id='word_1_260' title='bbox 875 3788 1085 3854; x_wconf 86' lang='lat' dir='ltr'><strong>neque</strong></span> <span class='ocrx_word' id='word_1_261' title='bbox 1129 3778 1356 3854; x_wconf 84' lang='lat' dir='ltr'><strong>postea</strong></span> <span class='ocrx_word' id='word_1_262' title='bbox 1400 3766 1628 3832; x_wconf 84' lang='lat' dir='ltr'><strong>librum</strong></span> <span class='ocrx_word' id='word_1_263' title='bbox 1673 3768 1762 3831; x_wconf 84' lang='lat' dir='ltr'><strong>ita</strong></span> <span class='ocrx_word' id='word_1_264' title='bbox 1809 3769 2166 3831; x_wconf 80' lang='lat' dir='ltr'><strong>immutasse</strong></span> <span class='ocrx_word' id='word_1_265' title='bbox 2212 3775 2280 3829; x_wconf 85' lang='lat' dir='ltr'><strong>et</strong></span> <span class='ocrx_word' id='word_1_266' title='bbox 2322 3784 2475 3830; x_wconf 83' lang='lat' dir='ltr'><strong>con-</strong></span> <span class='ocrx_word' id='word_1_267' title='bbox 2589 3794 2598 3803; x_wconf 92' lang='lat'><strong>·</strong></span> 
     </span>
    </p>
   </div>
   <div class='ocr_carea' id='block_1_4' title="bbox 266 3868 2476 3957">
    <p class='ocr_par' dir='ltr' id='par_1_6' title="bbox 266 3868 2476 3957">
     <span class='ocr_line' id='line_1_34' title="bbox 266 3868 2476 3957; baseline -0.001 -23"><span class='ocrx_word' id='word_1_268' title='bbox 266 3868 591 3949; x_wconf 84' lang='lat' dir='ltr'><strong>formasse,</strong></span> <span class='ocrx_word' id='word_1_269' title='bbox 632 3880 707 3936; x_wconf 80' lang='lat' dir='ltr'><strong>ut</strong></span> <span class='ocrx_word' id='word_1_270' title='bbox 748 3880 898 3957; x_wconf 85' lang='lat' dir='ltr'><strong>apte</strong></span> <span class='ocrx_word' id='word_1_271' title='bbox 942 3880 1165 3957; x_wconf 88' lang='lat' dir='ltr'><strong>posset</strong></span> <span class='ocrx_word' id='word_1_272' title='bbox 1209 3874 1329 3938; x_wconf 87' lang='lat' dir='ltr'><strong>toti</strong></span> <span class='ocrx_word' id='word_1_273' title='bbox 1374 3873 1561 3957; x_wconf 84' lang='lat' dir='ltr'><strong>operi</strong></span> <span class='ocrx_word' id='word_1_274' title='bbox 1602 3873 1797 3937; x_wconf 84' lang='lat' dir='ltr'><strong>intexi</strong></span> <span class='ocrx_word' id='word_1_275' title='bbox 1817 3871 1894 3952; x_wconf 82' lang='lat'><strong>²).</strong></span> <span class='ocrx_word' id='word_1_276' title='bbox 1969 3869 2146 3934; x_wconf 84' lang='lat' dir='ltr'><strong>Libri</strong></span> <span class='ocrx_word' id='word_1_277' title='bbox 2190 3868 2261 3933; x_wconf 90' lang='lat' dir='ltr'><strong><em>K</em></strong></span> <span class='ocrx_word' id='word_1_278' title='bbox 2300 3869 2476 3955; x_wconf 84' lang='lat' dir='ltr'><strong>prio-</strong></span> 
     </span>
    </p>
   </div>
   <div class='ocr_carea' id='block_1_5' title="bbox 263 4076 2477 4673">
    <p class='ocr_par' dir='ltr' id='par_1_7' title="bbox 263 4076 2474 4240">
     <span class='ocr_line' id='line_1_35' title="bbox 370 4076 2474 4154; baseline -0.002 -19"><span class='ocrx_word' id='word_1_279' title='bbox 370 4078 763 4149; x_wconf 62' lang='lat' dir='ltr'><strong>unauna</strong></span> <span class='ocrx_word' id='word_1_280' title='bbox 806 4085 1472 4154; x_wconf 54' lang='lat' dir='ltr'><strong>rappoeteravantleloe,</strong></span> <span class='ocrx_word' id='word_1_281' title='bbox 1515 4102 1714 4138; x_wconf 60' lang='lat' dir='ltr'><strong>‘etune</strong></span> <span class='ocrx_word' id='word_1_282' title='bbox 1759 4101 1859 4135; x_wconf 84' lang='lat' dir='ltr'><strong>une</strong></span> <span class='ocrx_word' id='word_1_283' title='bbox 1901 4079 2212 4135; x_wconf 65' lang='lat' dir='ltr'><strong>distantium</strong></span> <span class='ocrx_word' id='word_1_284' title='bbox 2255 4076 2474 4147; x_wconf 61' lang='lat' dir='ltr'><strong>preind-</strong></span> 
     </span>
     <span class='ocr_line' id='line_1_36' title="bbox 263 4183 761 4240; baseline -0.002 -19"><span class='ocrx_word' id='word_1_285' title='bbox 263 4186 415 4221; x_wconf 72' lang='grc' dir='ltr'><strong>ιιιπο.</strong></span> <span class='ocrx_word' id='word_1_286' title='bbox 451 4189 505 4240; x_wconf 76' lang='lat' dir='ltr'><strong>p.</strong></span> <span class='ocrx_word' id='word_1_287' title='bbox 534 4183 616 4227; x_wconf 74' lang='lat' dir='ltr'><strong>ss.</strong></span> <span class='ocrx_word' id='word_1_288' title='bbox 756 4208 761 4213; x_wconf 85' lang='lat'><strong>.</strong></span> 
     </span>
    </p>

    <p class='ocr_par' dir='ltr' id='par_1_8' title="bbox 264 4244 2477 4590">
     <span class='ocr_line' id='line_1_37' title="bbox 367 4244 2477 4327; baseline -0.005 -18"><span class='ocrx_word' id='word_1_289' title='bbox 367 4250 439 4321; x_wconf 84' lang='lat'><strong>2)</strong></span> <span class='ocrx_word' id='word_1_290' title='bbox 482 4256 614 4309; x_wconf 79' lang='lat' dir='ltr'><strong>Mais</strong></span> <span class='ocrx_word' id='word_1_291' title='bbox 659 4270 785 4309; x_wconf 82' lang='lat' dir='ltr'><strong>cette</strong></span> <span class='ocrx_word' id='word_1_292' title='bbox 831 4255 1060 4326; x_wconf 80' lang='lat' dir='ltr'><strong>question</strong></span> <span class='ocrx_word' id='word_1_293' title='bbox 1104 4252 1208 4324; x_wconf 89' lang='lat' dir='ltr'><strong>(du</strong></span> <span class='ocrx_word' id='word_1_294' title='bbox 1248 4256 1476 4311; x_wconf 66' lang='lat' dir='ltr'><strong>vei-itable</strong></span> <span class='ocrx_word' id='word_1_295' title='bbox 1521 4270 1728 4327; x_wconf 86' lang='lat' dir='ltr'><strong>rapport</strong></span> <span class='ocrx_word' id='word_1_296' title='bbox 1762 4256 1825 4307; x_wconf 88' lang='lat' dir='ltr'><strong>de</strong></span> <span class='ocrx_word' id='word_1_297' title='bbox 1860 4254 1994 4306; x_wconf 73' lang='lat' dir='ltr'><strong>l&#39;etrc</strong></span> <span class='ocrx_word' id='word_1_298' title='bbox 2031 4266 2081 4304; x_wconf 81' lang='lat' dir='ltr'><strong>et</strong></span> <span class='ocrx_word' id='word_1_299' title='bbox 2115 4252 2177 4303; x_wconf 86' lang='lat' dir='ltr'><strong>dc</strong></span> <span class='ocrx_word' id='word_1_300' title='bbox 2213 4244 2351 4315; x_wconf 86' lang='lat' dir='ltr'><strong>l’un)</strong></span> <span class='ocrx_word' id='word_1_301' title='bbox 2402 4261 2477 4299; x_wconf 81' lang='lat' dir='ltr'><strong>est</strong></span> 
     </span>
     <span class='ocr_line' id='line_1_38' title="bbox 264 4337 2472 4413; baseline -0.002 -22"><span class='ocrx_word' id='word_1_302' title='bbox 264 4337 327 4391; x_wconf 81' lang='lat' dir='ltr'><strong>ici</strong></span> <span class='ocrx_word' id='word_1_303' title='bbox 369 4341 600 4411; x_wconf 54' lang='lat' dir='ltr'><strong>depende</strong></span> <span class='ocrx_word' id='word_1_304' title='bbox 645 4343 709 4394; x_wconf 87' lang='lat' dir='ltr'><strong>de</strong></span> <span class='ocrx_word' id='word_1_305' title='bbox 754 4356 868 4413; x_wconf 88' lang='lat' dir='ltr'><strong>trop</strong></span> <span class='ocrx_word' id='word_1_306' title='bbox 914 4342 1039 4405; x_wconf 82' lang='lat' dir='ltr'><strong>loin,</strong></span> <span class='ocrx_word' id='word_1_307' title='bbox 1084 4357 1133 4394; x_wconf 85' lang='lat' dir='ltr'><strong>et</strong></span> <span class='ocrx_word' id='word_1_308' title='bbox 1165 4342 1213 4394; x_wconf 88' lang='lat' dir='ltr'><strong>le</strong></span> <span class='ocrx_word' id='word_1_309' title='bbox 1248 4343 1326 4395; x_wconf 76' lang='lat' dir='ltr'><strong>X⁶</strong></span> <span class='ocrx_word' id='word_1_310' title='bbox 1356 4342 1499 4404; x_wconf 81' lang='lat' dir='ltr'><strong>livre,</strong></span> <span class='ocrx_word' id='word_1_311' title='bbox 1547 4342 1671 4394; x_wconf 84' lang='lat' dir='ltr'><strong>dans</strong></span> <span class='ocrx_word' id='word_1_312' title='bbox 1705 4362 1799 4396; x_wconf 87' lang='lat' dir='ltr'><strong>son</strong></span> <span class='ocrx_word' id='word_1_313' title='bbox 1832 4342 2266 4411; x_wconf 67' lang='lat' dir='ltr'><strong>developpemcnt‚</strong></span> <span class='ocrx_word' id='word_1_314' title='bbox 2313 4337 2472 4387; x_wconf 76' lang='lat' dir='ltr'><strong>some</strong></span> 
     </span>
     <span class='ocr_line' id='line_1_39' title="bbox 265 4421 2474 4498; baseline -0.003 -22"><span class='ocrx_word' id='word_1_315' title='bbox 265 4444 337 4477; x_wconf 84' lang='lat' dir='ltr'><strong>nn</strong></span> <span class='ocrx_word' id='word_1_316' title='bbox 370 4427 602 4481; x_wconf 67' lang='lat' dir='ltr'><strong>vffitable</strong></span> <span class='ocrx_word' id='word_1_317' title='bbox 637 4427 855 4498; x_wconf 67' lang='lat' dir='ltr'><strong>epi-sode-</strong></span> <span class='ocrx_word' id='word_1_318' title='bbox 915 4429 1058 4482; x_wconf 85' lang='lat' dir='ltr'><strong>Nous</strong></span> <span class='ocrx_word' id='word_1_319' title='bbox 1092 4429 1138 4480; x_wconf 84' lang='lat' dir='ltr'><strong>lc</strong></span> <span class='ocrx_word' id='word_1_320' title='bbox 1175 4430 1493 4483; x_wconf 78' lang='lat' dir='ltr'><strong>considerons</strong></span> <span class='ocrx_word' id='word_1_321' title='bbox 1530 4448 1727 4483; x_wconf 85' lang='lat' dir='ltr'><strong>comme</strong></span> <span class='ocrx_word' id='word_1_322' title='bbox 1763 4446 1864 4479; x_wconf 87' lang='lat' dir='ltr'><strong>une</strong></span> <span class='ocrx_word' id='word_1_323' title='bbox 1899 4428 2045 4478; x_wconf 67' lang='lat' dir='ltr'><strong>etude</strong></span> <span class='ocrx_word' id='word_1_324' title='bbox 2074 4423 2160 4493; x_wconf 81' lang='lat' dir='ltr'><strong>qui</strong></span> <span class='ocrx_word' id='word_1_325' title='bbox 2187 4421 2348 4474; x_wconf 74' lang='lat' dir='ltr'><strong>devait</strong></span> <span class='ocrx_word' id='word_1_326' title='bbox 2373 4427 2474 4472; x_wconf 64' lang='grc' dir='ltr'>ἐπι-ε</span> 
     </span>
     <span class='ocr_line' id='line_1_40' title="bbox 266 4508 2383 4590; baseline -0.003 -26"><span class='ocrx_word' id='word_1_327' title='bbox 266 4512 455 4565; x_wconf 70' lang='lat' dir='ltr'><strong>fundae</strong></span> <span class='ocrx_word' id='word_1_328' title='bbox 491 4514 613 4568; x_wconf 72' lang='lat' dir='ltr'><strong>dans</strong></span> <span class='ocrx_word' id='word_1_329' title='bbox 642 4516 694 4568; x_wconf 79' lang='lat' dir='ltr'><strong>la</strong></span> <span class='ocrx_word' id='word_1_330' title='bbox 727 4515 1122 4590; x_wconf 66' lang='lat' dir='ltr'><strong>metaphysique,</strong></span> <span class='ocrx_word' id='word_1_331' title='bbox 1158 4532 1209 4569; x_wconf 81' lang='lat' dir='ltr'><strong>et</strong></span> <span class='ocrx_word' id='word_1_332' title='bbox 1242 4516 1329 4589; x_wconf 85' lang='lat' dir='ltr'><strong>qui</strong></span> <span class='ocrx_word' id='word_1_333' title='bbox 1362 4516 1445 4569; x_wconf 70' lang='lat' dir='ltr'><strong>n&#39;n</strong></span> <span class='ocrx_word' id='word_1_334' title='bbox 1477 4534 1568 4587; x_wconf 76' lang='lat' dir='ltr'><strong>pas</strong></span> <span class='ocrx_word' id='word_1_335' title='bbox 1601 4510 1717 4567; x_wconf 78' lang='lat' dir='ltr'><strong>subi</strong></span> <span class='ocrx_word' id='word_1_336' title='bbox 1751 4526 1878 4566; x_wconf 76' lang='lat' dir='ltr'><strong>cette</strong></span> <span class='ocrx_word' id='word_1_337' title='bbox 1913 4508 2187 4583; x_wconf 61' lang='lat' dir='ltr'><strong>operation.</strong></span> <span class='ocrx_word' id='word_1_338' title='bbox 2221 4528 2274 4579; x_wconf 88' lang='lat' dir='ltr'><strong>p.</strong></span> <span class='ocrx_word' id='word_1_339' title='bbox 2302 4520 2383 4563; x_wconf 68' lang='grc'><strong>95.</strong></span> 
     </span>
    </p>

    <p class='ocr_par' dir='ltr' id='par_1_9' title="bbox 354 4598 2068 4673">
     <span class='ocr_line' id='line_1_41' title="bbox 354 4598 2068 4673; baseline 0.004 -21"><span class='ocrx_word' id='word_1_340' title='bbox 354 4599 557 4654; x_wconf 70' lang='lat' dir='ltr'><strong>Aristot.</strong></span> <span class='ocrx_word' id='word_1_341' title='bbox 581 4603 803 4673; x_wconf 79' lang='lat' dir='ltr'><strong>metaph.</strong></span> <span class='ocrx_word' id='word_1_342' title='bbox 827 4604 908 4656; x_wconf 85' lang='lat' dir='ltr'><strong>cd.</strong></span> <span class='ocrx_word' id='word_1_343' title='bbox 930 4602 1114 4658; x_wconf 71' lang='lat' dir='ltr'><strong>Bonita.</strong></span> <span class='ocrx_word' id='word_1_344' title='bbox 1135 4604 1250 4659; x_wconf 85' lang='lat' dir='ltr'><strong>Vol.</strong></span> <span class='ocrx_word' id='word_1_345' title='bbox 1271 4604 1337 4657; x_wconf 91' lang='grc' dir='ltr'><strong>Π.</strong></span> <span class='ocrx_word' id='word_1_346' title='bbox 2037 4598 2068 4651; x_wconf 82' lang='grc'><strong>3</strong></span> 
     </span>
    </p>
   </div>
  </div>
 </body>
</html>
