3109 5175
607 371 752 449 544
1425 377 1530 449 M
1572 373 1642 448 6.
1727 372 1917 449 1080
1933 374 1997 448 b.

606 575 738 619 ram
781 555 872 618 ita
914 552 1197 634 sustulit,
1241 563 1316 620 ut
1360 573 1581 619 eorum
1624 556 1725 618 vis
1769 573 1905 619 non
1948 551 2214 640 amplius
2254 552 2573 641 penderet
2616 556 2839 620 nnita-

605 668 738 724 tum
783 680 820 723 a
865 657 1269 724 multitudine
1312 679 1435 726 nec
1473 679 1550 722 re
1593 678 1745 724 vera
1790 656 1873 723 de
1918 657 2266 724 unitatibus
2324 661 2547 726 eorum
2599 655 2837 745 quaeri

604 768 810 853 possit
852 774 1014 851 quot
1055 762 1357 850 qualesve
1400 765 1542 841 sint,
1588 761 1704 828 sed
1749 766 1997 828 numeri
2040 761 2236 828 modo
2281 765 2465 851 signa
2506 763 2836 849 quaedam

606 880 672 934 et
730 870 910 955 quasi
965 866 1259 953 symbola
1312 866 1478 932 fiant
1518 869 1874 932 notionum.
1965 867 2096 932 lam
2140 869 2429 955 primum,
2464 869 2837 947 ⁸11—14,

603 975 804 1061 ipsius
837 972 1122 1038 Platonis
1170 981 1625 1037 commemorat
1666 975 2062 1052 sententiam,
2110 975 2220 1058 qui
2266 971 2399 1037 dno
2442 976 2665 1059 posuit
2709 995 2837 1038 nu-

602 1098 917 1143 merorum
961 1097 1231 1164 genera,
1287 1088 1621 1162 utrumque
1667 1097 1701 1139 a
1748 1075 1939 1141 rebus
1982 1075 2391 1142 sensibilibus
2444 1079 2833 1155 seiunctum,

605 1179 871 1247 alterum
899 1180 1220 1260 idealium,
1249 1179 1513 1246 alterum
1546 1180 2127 1246 matbematicorum
2156 1201 2584 1247 numerorum.
2651 1182 2833 1262 (⁶12

601 1282 723 1351 τὸν
764 1287 883 1369 μὲν
928 1286 1162 1369 ἔχοντα
1204 1280 1282 1350 τὸ
1325 1280 1648 1371 πρότερον
1692 1285 1805 1349 καὶ
1847 1281 2122 1371 ὕστερον
2165 1279 2285 1362 τὰς
2323 1286 2519 1363 ideae,
2564 1289 2831 1372 apposi-

603 1391 800 1456 tionis
843 1388 996 1453 loco
1041 1384 1163 1466 τὰς
1204 1390 1383 1464 ἰδέας
1427 1386 1707 1453 additum
1756 1403 1868 1467 est,
1914 1392 2093 1475 quasi
2133 1388 2329 1455 dicat:
2373 1391 2539 1475 λέγω
2585 1390 2655 1456 δὲ
2701 1384 2831 1457 τὸν

604 1485 926 1573 εἰδητικὸν
969 1487 1291 1577 ἀριθμόν.
1379 1493 1535 1557 Non
1595 1514 1737 1559 esse
1794 1503 1943 1558 ante
2000 1497 2235 1580 ἔχοντα
2296 1491 2661 1560 addendum
2708 1490 2827 1578 μή,

605 1595 781 1684 quod
814 1596 1052 1662 Trend.
1089 1595 1172 1661 de
1202 1596 1290 1661 id.
1320 1619 1383 1682 p.
1409 1597 1500 1662 80
1538 1602 1917 1676 coniecerat,
1962 1596 2444 1666 demonstravit
2457 1597 2675 1664 Zeller
2705 1599 2824 1665 Ph.

603 1700 665 1767 d.
698 1701 814 1767 Gr.
843 1701 924 1766 11.
952 1725 1017 1787 p.
1040 1702 1235 1780 211.)
1308 1699 1595 1767 Platonis
1640 1721 1677 1765 a
1723 1704 2041 1768 sententia
2087 1702 2340 1789 quidam
2387 1725 2463 1768 ex
2510 1707 2648 1767 eius
2696 1702 2824 1769 dis·

602 1804 831 1893 cipulis
869 1808 962 1870 ita
1008 1804 1470 1883 dimenserunt,
1525 1815 1599 1869 ut
1640 1806 1879 1870 omisso
1926 1825 2192 1872 numero
2239 1805 2434 1871 ideali
2478 1807 2824 1873 mathema-

601 1913 792 1976 ticum
836 1907 1033 1976 modo
1078 1930 1406 1976 numerum
1449 1929 1572 1995 pro
1618 1912 1934 1996 principio
1981 1905 2328 1998 ponerent,
2386 1923 2453 1975 et
2497 1933 2639 1977 eum
2686 1915 2823 1998 qni·

603 2014 749 2080 dem
788 2017 1141 2081 seiunctum
1179 2035 1216 2077 a
1248 2014 1439 2079 rebus
1473 2012 1902 2094 sensibilibus,
1942 2016 2294 2082 ⁶14—16.
2368 2015 2463 2079 Ea
2499 2019 2820 2082 sententia

602 2140 975 2206 quamquam
1031 2122 1290 2205 saepius
1340 2117 1422 2183 ab
1469 2119 1580 2182 Ar.
1624 2129 2157 2184 commmoratur
2200 2119 2322 2200 (cf.
2361 2121 2423 2185 8.
2467 2123 2677 2187 loessae
2706 2121 2816 2188 2⁰.

601 2223 665 2290 9.
712 2225 923 2290 108&
946 2224 1008 2288 2.
1069 2225 1147 2288 N
1174 2224 1237 2288 3.
1281 2222 1492 2289 109οα
1514 2223 1623 2287 25.
1682 2224 1743 2287 4.
1788 2224 1989 2289 lomb
2018 2225 2126 2289 24.
2183 2226 2259 2289 A
2294 2226 2397 2289 10.
2439 2226 2641 2291 107ὖᾶ
2674 2227 2818 2306 37),

599 2337 809 2393 tamen
857 2330 996 2414 quis
1043 2331 1179 2393 eius
1223 2338 1447 2393 auctor
1489 2329 1573 2392 sit
1613 2347 1749 2391 non
1794 2325 2047 2394 videtur
2085 2328 2168 2394 ad
2206 2326 2514 2415 liquidum
2548 2329 2815 2415 perduci

599 2452 814 2519 posse.
889 2429 1331 2510 Alexandrum,
1378 2432 1556 2496 cuius
1602 2434 2040 2497 anctoritatem
2086 2432 2184 2496 his
2226 2434 2297 2496 in
2327 2430 2525 2497 rebus
2550 2431 2691 2498 fere
2720 2454 2816 2498 se-

601 2539 814 2625 quitur
841 2536 1171 2624 Syrianus,
1213 2534 1372 2601 nibil
1411 2533 1493 2601 dc
1534 2557 1610 2601 ea
1643 2557 1715 2602 re
1751 2539 1905 2602 certi
1940 2536 2241 2603 habuisse
2278 2545 2571 2624 apparet;
2617 2535 2812 2603 modo

600 2640 766 2707 enim
797 2644 1142 2709 Xenocrati
1184 2662 1326 2707 eam
1359 2638 1583 2709 tribuit
1612 2645 1992 2706 sententiam
2032 2662 2094 2728 p.
2126 2640 2275 2721 722,
2312 2642 2419 2721 28,
2463 2640 2662 2707 modo
2692 2644 2814 2708 Xe·

598 2749 850 2812 nocrati
896 2756 960 2810 et
997 2745 1364 2831 Speusippo
1409 2768 1472 2831 p.
1506 2744 1655 2824 761,
1690 2748 1799 2825 31,
1843 2744 2040 2813 modo
2088 2748 2266 2811 euius
2314 2767 2389 2810 ea
2435 2746 2631 2811 fuerit
2674 2766 2813 2812 sen·

599 2855 797 2917 tentia
841 2869 1106 2937 prorsus
1151 2851 1387 2914 omittit
1419 2872 1486 2935 p.
1509 2850 1655 2928 743,
1688 2853 1726 2916 7
1744 2876 1760 2927 3
1804 2848 1959 2937 quid
1995 2848 2171 2936 quod
2206 2854 2393 2915 etiam
2428 2848 2639 2917 videri
2671 2862 2813 2939 pot-

600 2967 698 3022 est
742 2974 880 3021 eam
915 2952 1345 3041 Pythagoreis
1392 2952 1768 3040 quibusdam
1814 2953 2097 3019 tribuere
2137 2978 2201 3041 p.
2227 2956 2376 3034 744,
2410 2956 2492 3021 15
2525 2954 2678 3021 coll.
2702 2957 2813 3021 32.

597 3059 728 3125 Iam
772 3065 972 3125 secuti
1018 3058 1292 3123 obscura
1335 3055 1446 3122 illa
1491 3060 1793 3145 vestigia,
1852 3078 2017 3144 quae
2062 3057 2151 3123 de
2188 3060 2573 3125 Xenocratis
2620 3070 2687 3125 et
2731 3059 2816 3125 de

596 3163 948 3250 Speusippi
1000 3159 1250 3248 placitis
1307 3159 1529 3226 relicta
1586 3172 1763 3243 sunt,
1822 3161 1904 3228 ad
1949 3164 2369 3228 Xenocratem
2416 3167 2814 3251 potissimum

595 3268 765 3333 hanc
818 3269 1194 3333 sententiam
1253 3264 1654 3331 referendam
1716 3288 1856 3332 esse
1914 3278 2182 3332 censent
2225 3264 2499 3334 Brandis
2544 3268 2628 3334 de
2673 3268 2814 3334 libr.

595 3369 777 3459 perd.
825 3394 889 3457 p.
923 3372 1027 3437 45.
1086 3369 1302 3437 Zeller
1332 3371 1445 3436 Pb.
1481 3368 1543 3435 d.
1584 3370 1697 3437 Gr.
1736 3372 1815 3437 11.
1852 3393 1917 3459 p.
1948 3373 2097 3438 334.
2174 3370 2423 3439 Contra
2454 3374 2816 3439 Ravaisson

598 3476 784 3542 Essai
819 3498 930 3541 sur
964 3475 1025 3542 la
1057 3476 1212 3543 Met.
1247 3500 1310 3563 p.
1337 3477 1484 3542 178.
1515 3477 1651 3542 338
1682 3477 2107 3564 Speusippum
2141 3480 2374 3565 respici
2410 3488 2610 3564 putat,
2650 3498 2816 3543 eam-
2846 3503 2855 3519 ·

597 3602 723 3668 que
768 3584 1142 3669 opinionem
1187 3581 1395 3647 Schw.
1442 3581 1524 3646 ad
1569 3582 1633 3645 b.
1673 3579 1715 3648 l.
1764 3580 2016 3648 collatis
2071 3581 2232 3647 locis
2279 3584 2386 3647 Ar.
2433 3581 2814 3647 confirmare

596 3683 828 3751 studet.
919 3687 1173 3751 Etenim
1233 3708 1419 3773 quam
1464 3688 1844 3751 sententiam
1891 3685 1975 3751 de
2018 3684 2311 3772 pluribus
2356 3696 2425 3751 et
2464 3686 2813 3774 generibus

598 3799 666 3855 et
705 3792 1035 3877 principiis
1077 3812 1290 3857 rerum
1337 3793 1400 3859 Z
1424 3793 1487 3857 2.
1523 3791 1729 3857 1⁰28»
1750 3792 1836 3855 21
1886 3792 2259 3855 nominatim
2306 3790 2671 3878 Speusippo
2705 3790 2813 3855 Ar.

595 3895 831 3973 tribuit,
875 3894 1144 3963 eandem
1189 3916 1332 3962 eum
1374 3900 1450 3963 A
1485 3899 1589 3962 10.
1627 3896 1830 3961 1⁰¹7&
1853 3897 1960 3961 37.
2008 3897 2086 3960 Ν
2106 3897 2169 3960 3.
2205 3896 2408 3960 1οΘοῠ
2436 3896 2522 3960 16
2568 3894 2652 3961 ad
2697 3910 2811 3958 eos

595 3998 841 4064 referre
884 3998 1328 4087 philosophos,
1374 4004 1480 4087 qui
1526 3998 1733 4065 solum
1779 3999 2285 4066 mathematicum
2327 4018 2656 4065 numerum
2701 4018 2813 4084 po-

596 4105 857 4169 suerint.
915 4102 1047 4169 Sed
1076 4106 1129 4168 si
1159 4104 1512 4171 contuleris
1539 4105 1661 4168 hos
1691 4103 1876 4168 locos
1912 4124 1949 4169 a
1979 4102 2188 4169 Scbw.
2218 4100 2469 4183 allatos,
2494 4101 2561 4167 id
2592 4104 2815 4190 ipsum,

597 4206 678 4273 de
708 4228 840 4295 quo
873 4210 1098 4296 agitur,
1127 4211 1418 4275 nimirum
1456 4229 1542 4274 so
1561 4207 1712 4274 lum
1742 4207 2247 4274 mathematicum
2280 4226 2608 4273 numerum
2638 4208 2813 4294 poni,

596 4310 894 4378 concludi
940 4316 1137 4401 magis
1185 4334 1261 4378 ex
1304 4313 1513 4378 verbis
1547 4314 1654 4377 Ar.
1701 4332 1886 4397 quam
1932 4311 2170 4379 diserte
2217 4312 2298 4378 ab
2345 4332 2426 4379 co
2469 4311 2594 4377 dici
2628 4309 2813 4377 intel·

594 4416 776 4505 liges.
852 4417 1074 4503 ltaque
1118 4438 1308 4502 quum
1353 4427 1622 4502 utraque
1668 4418 2088 4504 interpretum
2132 4423 2449 4483 sententia
2494 4419 2563 4482 in
2601 4418 2814 4482 conie-

596 4531 780 4585 ctura
821 4523 905 4585 sit
947 4522 1188 4607 posita,
1245 4520 1420 4586 haud
1469 4523 1604 4586 scio
1652 4541 1737 4586 an
1780 4521 1925 4602 illa,
1973 4544 2047 4588 ex
2093 4544 2217 4609 qua
2263 4523 2344 4589 ad
2387 4524 2813 4589 Xenocraten

596 4622 754 4687 haec
799 4622 1176 4704 referuntur,
1219 4627 1524 4691 maiorem
1569 4636 1743 4693 certe
1786 4625 2022 4693 habeat
2063 4629 2349 4694 veritatis
2395 4628 2693 4715 speciem.
