3109 5175
1195 374 1272 445 A
1320 372 1389 446 3.
1464 370 1693 448 984a.
2454 376 2551 451 67

668 570 705 619 ῃ
747 549 871 602 dlv
872 542 962 602 ἅδ’
989 543 1287 604 &Medon
1254 570 1329 603 τα
1363 551 1560 620 dampnat
1535 554 1712 621 ερὶςο
1682 545 1896 621 away&
1931 547 2087 622 λήγει,

666 631 837 706 ταύτῃ
879 628 931 688 δ’
960 637 1071 688 αἰὲν
1107 637 1252 689 ἴασιν
1287 629 1352 687 ἇκ
1356 656 1500 704 unu
1537 656 1641 689 κτα
1643 635 1914 689 &xuni-ov.

326 749 437 818 Cf.
483 750 940 818 Panzerbieter
985 755 1288 842 Beitriige
1345 774 1461 818 zur
1505 754 1668 819 Krit.
1712 753 1845 820 und
1892 754 2068 820 Erkl.
2119 755 2234 821 des
2277 756 2547 841 Emped.

326 856 706 942 Meiningen
756 857 948 921 1844.
996 880 1059 944 p.
1099 857 1206 921 22.

461 959 630 1023 984ae
670 961 751 1023 ll
800 954 1372 1044 Ἀναξαγόρας
1417 961 1499 1026 δὲ
1545 997 1628 1008 -
1679 963 1764 1026 16
1810 961 2236 1045 διαμένειν
2294 957 2546 1027 ἀΐδια.

327 1064 772 1150 Anaxagoram
820 1062 995 1148 quod
1042 1062 1197 1128 dicit
1227 1063 1604 1128 Aristoteles
1652 1074 1860 1130 aetate
1904 1069 2182 1151 priorem
2232 1085 2371 1130 esse
2403 1065 2550 1129 Em-

326 1165 605 1253 pedocle
649 1175 789 1243 τοῖς
833 1164 891 1231 δ’
932 1168 1145 1250 ἔργοις
1186 1162 1491 1253 ὕστερον,
1538 1166 1697 1232 illud
1741 1167 1994 1254 quidem
2040 1177 2332 1255 apparet,
2385 1189 2546 1254 quo·

325 1274 501 1336 niam
543 1269 625 1335 de
665 1269 1057 1356 philosopho
1102 1273 1326 1359 agitur,
1370 1264 1455 1336 τὰ
1493 1272 1654 1357 ἔργα
1696 1273 1894 1356 ipsam
1939 1275 2074 1336 eius
2119 1293 2260 1336 esse
2307 1270 2541 1337 doctri·

325 1396 473 1439 nam
520 1384 586 1438 et
627 1373 1117 1460 philosophiam.
1185 1374 1338 1440 'Sed
1394 1369 1666 1459 ὕστερος
1717 1373 1972 1439 dubium
2023 1359 2146 1453 est,
2204 1385 2411 1440 utrum
2458 1374 2540 1440 ad

322 1489 578 1565 tempus
621 1477 1023 1542 referendum
1059 1480 1142 1542 sit
1184 1499 1313 1563 quo
1344 1477 1449 1543 vel
1481 1480 1771 1564 coeperit
1800 1476 2242 1565 philosophari
2271 1478 2378 1544 vel
2409 1478 2543 1566 pla-

322 1585 450 1646 cita
494 1603 605 1646 sua
651 1584 1065 1668 proposuerit
1094 1582 1524 1671 Anaxagorae,
1571 1603 1653 1646 an
1699 1580 1781 1645 ad
1828 1581 2158 1647 doctrinae
2201 1583 2543 1670 Anaxago·
2639 1659 2644 1668 ¹

322 1706 478 1749 reae
522 1684 879 1772 dignitaten
925 1695 990 1749 et
1033 1689 1489 1750 auctoritatem.
1577 1684 1745 1750 lllud
1789 1689 1844 1749 si
1889 1684 2253 1770 probamus,
2300 1687 2542 1750 Anaxa-

322 1809 521 1877 goras
566 1790 975 1874 provectiore
1021 1787 1272 1853 demum
1307 1799 1514 1853 aetate
1554 1787 1636 1853 ad
1672 1787 2142 1875 philosophiam
2177 1787 2406 1853 dicitur
2442 1811 2544 1852 ac-

324 1896 626 1970 cessisse,
686 1914 881 1977 quum
924 1894 1045 1955 iam
1091 1891 1547 1978 Empedocles,
1603 1882 1812 1957 minor
1854 1891 1964 1956 ille
2014 1890 2270 1976 quidem
2316 1902 2540 1969 aetate,
2577 1889 2584 1898 '

321 2017 503 2061 suam
552 1994 950 2082 explicuisset
994 1996 1379 2072 doctrinam3
1437 1999 1543 2081 qui
1599 1994 1852 2080 quidem
1899 2004 2174 2059 aetatum
2221 1994 2384 2059 ordo
2432 2015 2542 2058 ne-

323 2121 453 2186 que
500 2122 576 2164 ex
619 2121 695 2163 ea
742 2110 1098 2185 temporum
1144 2101 1409 2175 ratione,
1457 2097 1708 2184 qualem
1747 2118 1919 2162 nunc
1952 2096 2303 2162 divinamus
2337 2101 2540 2187 magis

324 2225 513 2291 quam
560 2207 1022 2292 cognoscimus,
1069 2213 1287 2289 potest
1330 2201 1646 2290 redargui,
1695 2212 1761 2267 et
1790 2201 1869 2265 ab
1900 2201 2266 2280 Aristotele,
2309 2212 2382 2268 ut
2409 2215 2538 2268 tum

324 2318 467 2372 erat
509 2306 774 2373 arduum
820 2318 1176 2393 temporum
1219 2309 1502 2370 rationes
1548 2316 1937 2391 computare,
1981 2327 2101 2392 pro
2137 2326 2295 2371 vero
2330 2309 2544 2393 potuit

322 2410 570 2475 haberi.
659 2411 774 2475 Sin
832 2422 1040 2480 autem
1099 2405 1374 2497 ὕστερος
1432 2404 1514 2474 de
1574 2408 1884 2497 dignitate
1931 2408 2260 2494 doctrinae
2305 2409 2539 2475 dictum

321 2525 638 2603 putamus,
681 2535 816 2579 non
858 2524 1079 2602 potest
1119 2516 1656 2602 vituperationem
1703 2516 2069 2591 continere,
2114 2512 2292 2600 quod
2335 2514 2543 2580 voluit

322 2618 597 2684 Brandis
637 2619 868 2685 Gesch.
908 2620 958 2683 1.
1002 2641 1065 2706 p.
1097 2619 1284 2696 2423,
1330 2620 1627 2704 quoniam
1665 2619 1718 2681 si
1750 2621 1889 2702 quis
1922 2627 2019 2682 est
2048 2613 2272 2701 ἡλικίᾳ
2300 2613 2538 2703 πρότε-

323 2745 476 2808 ρος,
531 2725 590 2787 ei
647 2743 784 2788 non
836 2730 1055 2809 potest
1096 2723 1256 2786 vitio
1306 2720 1440 2786 dari
1490 2719 1664 2808 quod
1710 2742 1843 2786 non
1889 2724 2127 2807 pariter
2171 2720 2541 2801 elaboravit,

323 2825 445 2891 sed
500 2836 573 2891 ut
627 2836 800 2891 recte
848 2827 1161 2912 opponi
1204 2828 1411 2912 possit
1455 2827 1656 2911 priori
1697 2824 1984 2891 membro
2031 2827 2109 2915 τῇ
2151 2825 2272 2907 μὲν
2315 2820 2540 2910 ἡλικίᾳ

322 2924 660 3014 πρότερος,
705 2928 959 2993 laudem
1006 2921 1201 2993 debet
1243 2927 1624 3015 significare.
1690 2929 1837 2992 Hoc
1881 2931 2045 2992 enim
2085 2927 2407 2999 videbitur
2450 2927 2543 2992 di-

322 3037 490 3098 xisse
529 3032 909 3098 Aristoteles
923 3057 943 3107 z,
985 3035 1396 3120 Anaxagoras
1440 3032 1593 3096 licet
1637 3034 1845 3096 aetate
1889 3034 2066 3118 prior
2108 3034 2191 3096 sit
2223 3030 2542 3118 Empedo-

324 3135 443 3215 cle,
486 3147 699 3200 tamen
741 3139 795 3201 si
842 3138 977 3200 eius
1018 3135 1371 3201 doctrinam
1408 3138 1798 3221 spectaveris
1835 3134 2300 3220 posterioribus
2335 3138 2539 3221 iisque

323 3239 737 3328 politioribus
793 3239 1197 3327 pbilosophis
1244 3238 1708 3304 accensendum
1753 3238 2089 3315 iudicabis;
2149 3238 2323 3324 quod
2369 3238 2536 3304 idem

323 3344 487 3410 infra
535 3344 690 3408 dicit
725 3346 787 3410 8.
818 3345 982 3410 9891»
1005 3345 1075 3408 5:
1117 3338 1568 3426 Ἀναξαγόρας
1613 3377 1696 3392 -
1742 3340 1897 3419 ἴσως
1940 3336 2026 3407 ἄν
2069 3343 2313 3433 φανείη
2358 3365 2541 3406 και-

323 3450 997 3537 νοπρεπεστέρως
1031 3448 1253 3529 λέγων.
1307 3448 1338 3501 b
1358 3448 1465 3510 19:
1497 3439 1810 3529 βούλεται
1837 3448 2062 3527 μέντοι
2091 3468 2155 3509 τι
2185 3440 2541 3529 παραπλή-

326 3572 477 3618 σιον
516 3558 658 3627 τοῖς
692 3544 1046 3633 ὕστερον
1083 3551 1434 3633 λέγουσι.
1506 3550 1690 3612 Hanc
1721 3546 2075 3632 explicandi
2105 3551 2416 3613 rationem
2449 3548 2539 3614 di-

325 3654 602 3742 ligenter
646 3666 712 3719 et
756 3656 1050 3740 exposuit
1095 3663 1159 3718 et
1190 3651 1668 3717 ·commendavit
1698 3653 1919 3716 Breier
1951 3650 2207 3748 Philo&
2229 3651 2341 3716 des
2375 3655 2542 3717 Ana·

323 3779 599 3847 xagoras
643 3780 707 3844 p.
739 3760 843 3836 85,
891 3778 1093 3844 eaque
1137 3758 1582 3842 interpretatio
1630 3758 1683 3819 si
1727 3774 1863 3820 non
1907 3758 2283 3834 necessaria,
2328 3767 2540 3821 tamen

325 3872 596 3949 propter
642 3883 786 3940 eos,
833 3881 992 3947 quos
1039 3859 1419 3924 contulimus
1463 3857 1665 3936 locos,
1717 3858 2054 3924 admodum
2104 3871 2202 3924 est
2242 3859 2542 3946 probabi-

325 3963 423 4029 lis.
475 4001 556 4015 —
615 3966 1054 4052 Anaxagoram
1112 3966 1305 4051 igitur
1349 3960 1729 4027 Aristoteles
1779 3983 1913 4027 non
1959 3984 2097 4027 cum
2143 3963 2539 4050 Empedocle

327 4078 599 4154 quatuor
642 4067 976 4147 elementa,
1025 4067 1138 4132 sed
1185 4065 1497 4131 infinitum
1546 4065 2007 4131 elementorum
2051 4088 2376 4132 numerum
2424 4087 2542 4151 po-

325 4174 530 4236 suisse
575 4170 757 4249 dicit;
804 4193 967 4258 quae
1010 4170 1266 4258 quidem
1311 4169 1624 4235 elementa
1670 4169 1846 4255 quod
1888 4164 1973 4235 τὰ
2009 4167 2371 4255 ὁμοιομερῆ
2400 4170 2543 4234 Ari-

325 4275 592 4340 stoteles
636 4287 979 4362 nuncupat,
1024 4296 1143 4341 suo
1191 4277 1403 4352 utitur,
1446 4259 1583 4339 non
1615 4275 2038 4363 Anaxagoreo
2083 4271 2422 4351 vocabulo,
2467 4282 2541 4337 ut

326 4376 685 4444 luculenter
716 4379 935 4445 docuit
962 4380 1187 4444 Breier
1213 4379 1258 4443 l.
1291 4377 1332 4443 1.
1365 4402 1429 4465 p.
1458 4381 1495 4443 l
1517 4414 1597 4429 -
1616 4380 1722 4443 45.
1792 4376 2119 4443 Adverbio
2152 4386 2359 4442 autem
2391 4394 2536 4459 σχε-

324 4477 448 4549 δόν
490 4520 596 4541 -.
624 4477 859 4569 σχεδὸν
901 4478 1031 4571 γὰρ
1078 4477 1346 4550 ἅπαντα
1394 4474 1479 4548 τοὶ
1524 4478 1888 4569 ὁμοιομερῆ
1930 4519 2026 4556 —2
2061 4480 2362 4546 ambitum
2406 4479 2538 4544 τῶν

2054 4589 2087 4639 5
2108 4586 2130 4611 0
