3109 5175
559 350 705 423 330
1393 354 1465 420 Ζ
1505 351 1576 422 9.
1661 348 1926 467 1034α.

560 527 822 590 nitatem
866 524 1267 602 antecedunt,
1309 524 1506 589 veluti
1552 524 1744 602 calor,
1788 534 1898 589 aut
1932 543 2051 610 pro
2080 534 2265 609 parte
2294 528 2582 589 sanitatis
2614 534 2766 592 sunt

491 655 500 664 ,
560 627 869 706 habenda,
913 638 1021 693 aut
1063 630 1347 714 sequitur
1392 650 1466 692 ea
1511 628 1616 692 vel
1662 632 1799 714 ipsa
1844 630 2078 692 sanitas
2123 627 2228 692 vel
2274 648 2423 713 pars
2461 630 2762 706 sanitatis,

561 730 639 796 cf.
674 733 733 796 7.
768 733 969 797 10:32⁵
992 734 1097 797 26.
1178 732 1399 816 Itaque
1445 742 1760 816 quatenus
1808 753 1882 795 ex
1929 730 2141 795 calore
2188 729 2462 795 efficitur
2506 736 2759 809 sanitas,

560 838 695 898 sive
737 838 791 898 is
836 835 1106 900 consilio
1152 833 1377 899 medici
1424 837 1556 898 sive
1603 835 1868 899 fortuito
1916 838 2179 912 exstitit,
2232 837 2327 898 sic
2372 836 2561 898 etiam
2605 856 2762 920 quo-

562 937 900 1001 dammodo
948 961 1020 1002 ex
1065 960 1134 1002 re
1179 941 1564 1024 cognomine
1611 936 1735 1002 dici
1780 948 1994 1023 potest
2038 936 2225 1002 effici.

689 1044 806 1105 His
850 1046 907 1106 si
946 1046 1013 1106 in
1060 1045 1418 1107 universum
1462 1040 1692 1105 videor
1737 1040 2101 1106 Aristotelis
2157 1045 2537 1105 sententiam
2596 1062 2761 1105 asse-

562 1158 742 1210 cutus
788 1167 943 1224 esse,
988 1156 1228 1210 restant
1271 1157 1481 1209 tamen
1527 1167 1691 1230 quae
1734 1145 2257 1230 interpretatione
2304 1154 2554 1231 egeant.
2630 1146 2763 1208 Pri-

559 1271 726 1312 mum
775 1253 940 1312 enim
986 1253 1330 1334 quaeritur,
1386 1270 1497 1312 cur
1552 1247 1779 1312 dixerit
1835 1245 1903 1326 ἐξ.
1956 1241 2303 1330 ὁμωνύμου
2346 1250 2558 1311 omnia
2602 1247 2762 1325 fieri,

561 1373 684 1415 nec
726 1355 943 1436 potius
988 1357 1057 1416 ὲκ
1102 1346 1497 1433 συνωνύμου,
1541 1350 1849 1436 siquidem
1888 1360 1955 1414 et
1991 1370 2097 1413 res
2133 1349 2455 1414 naturales
2491 1350 2658 1414 fiunt
2693 1354 2764 1414 ἐκ

561 1449 984 1537 συνωνύμων,
1031 1467 1095 1520 ct
1141 1454 1365 1521 domus
1410 1457 1707 1541 cogitata,
1758 1477 1833 1519 ex
1877 1473 1997 1539 qua
2042 1452 2357 1517 sensibilis
2400 1453 2479 1517 fit
2520 1452 2764 1532 domus,

561 1557 707 1621 huic
747 1566 845 1621 est
879 1554 1269 1639 συνώνυμος,
1309 1567 1618 1643 tamquam
1650 1554 1821 1633 εἶδος
1854 1558 1945 1638 τῷ
1979 1552 2251 1638 συνόλῳ,
2288 1556 2369 1620 cf.
2406 1555 2491 1619 de
2520 1579 2578 1620 v.
2610 1577 2765 1622 συν·

561 1654 816 1742 ώνυμος
860 1661 940 1726 ad
980 1663 1051 1725 A
1086 1664 1149 1727 6.
1190 1662 1352 1726 987⁶
1393 1662 1495 1723 lo.
1585 1658 1713 1724 Sed
1760 1660 2037 1724 calorem
2084 1669 2148 1723 et
2182 1658 2548 1736 sanitatem,
2601 1679 2763 1745 quae

559 1771 709 1825 sunt
751 1765 818 1825 in
864 1762 1067 1827 altero
1114 1764 1538 1828 distinctionis
1585 1763 1898 1840 membro,
1955 1766 2058 1826 vix
2112 1775 2286 1826 recte
2336 1783 2411 1826 ex
2456 1764 2764 1827 Aristote-

561 1863 640 1928 lis
686 1868 1000 1929 sententia
1047 1863 1462 1950 συνωνύμους
1506 1866 1764 1940 dixeris;
1810 1876 2154 1952 propterea
2200 1886 2281 1930 eo
2317 1864 2638 1930 vocabulo
2674 1868 2765 1928 vi-

562 1967 750 2033 detur
792 1990 943 2033 usus
990 1989 1145 2047 esse,
1192 1970 1365 2055 quod
1413 1993 1602 2056 quum
1644 1969 1833 2034 latius
1877 1979 2095 2056 pateat
2130 1967 2209 2032 ad
2249 1979 2579 2052 utrumque
2616 1988 2765 2053 pos-

560 2075 645 2135 sit
674 2072 852 2136 trahi.
886 2109 971 2120 —
1016 2072 1272 2139 Deinde
1316 2075 1654 2139 manifesto
1701 2072 2044 2158 depravata
2089 2084 2239 2137 sunt
2282 2072 2477 2137 verba
2513 2073 2673 2136 ⁴²24:
2719 2063 2764 2151 ἢ

558 2172 687 2238 ὑπὸ
731 2176 882 2251 νοῦ,
938 2197 1146 2261 neque
1203 2181 1369 2242 enim
1411 2187 1683 2263 possunt
1725 2177 1884 2240 haec
1926 2179 2172 2262 opponi
2215 2178 2530 2262 superiori
2573 2197 2763 2240 mem-

560 2277 715 2342 bro:
775 2273 818 2357 ἢ
861 2283 932 2342 ὲκ
973 2284 1210 2365 μέρους
1253 2277 1621 2363 ὁμωνύμου,
1673 2273 1819 2346 οἷον
1862 2283 2036 2345 οὶκία
2081 2278 2149 2357 ἐξ
2193 2282 2419 2358 οἰκίας,
2463 2283 2761 2364 quoniam

560 2383 850 2467 genitivo
911 2385 1121 2458 οἰκίας
1178 2387 1506 2447 notionem
1565 2382 1837 2447 aedificii
1888 2382 2062 2469 apud
2105 2387 2375 2448 animum
2423 2386 2761 2469 cogitatam

560 2484 907 2571 significat,
966 2483 1078 2549 sed
1134 2490 1452 2571 pertinere
1510 2484 1752 2551 debent
1807 2484 1888 2550 ad
1941 2486 2377 2571 explicandum
2424 2510 2483 2550 v.
2530 2487 2759 2562 οἰκίας.

561 2588 736 2673 Quid
782 2592 1103 2675 scripserit
1145 2590 1553 2669 Aristoteles,
1613 2590 1874 2655 difficile
1920 2601 2017 2655 est
2060 2591 2302 2666 dicere3
2359 2590 2535 2677 quod
2592 2595 2760 2655 enim

560 2691 643 2755 ad
700 2691 873 2779 vulg.
919 2697 1203 2779 proxime
1248 2693 1533 2758 accedat:
1592 2688 1636 2772 ἢ
1680 2689 1810 2759 ὑπὸ
1854 2695 1977 2759 νοῦ
2030 2697 2180 2774 (int.
2228 2696 2401 2771 ἐστί)
2460 2693 2592 2757 vel:
2645 2697 2763 2773 τῆς

557 2788 688 2859 ὑπὸ
731 2798 882 2874 νοῦ,
936 2815 1070 2861 non
1128 2796 1379 2862 videtur
1437 2820 1576 2861 cum
1622 2797 1729 2862 Ar.
1788 2796 2041 2861 dicendi
2097 2795 2559 2862 consuetudine
2611 2802 2762 2862 satis

561 2903 920 2964 concinere.
969 2936 1051 2948 ·-
1108 2900 1403 2986 Denique
1461 2911 1736 2966 extrema
1782 2900 1976 2964 verba
2018 2902 2179 2965 ⁶29:
2238 2894 2342 2964 διὸ
2384 2903 2499 2964 καὶ
2545 2936 2628 2951 -
2674 2903 2764 2967 30

559 2999 914 3088 θερμότης,
960 3014 1232 3088 possunt
1272 3003 1382 3067 illa
1428 3003 1681 3089 quidem
1729 3002 2200 3088 quodammodo
2244 3003 2567 3088 explicari:
2613 3027 2761 3092 pro·

559 3116 781 3188 pterea
832 3105 1008 3170 calor
1053 3128 1126 3170 ex
1170 3118 1347 3171 motu
1395 3116 1574 3172 ortus
1621 3105 1849 3169 dicitur
1892 3110 2225 3170 sanitatem
2272 3106 2556 3186 efficere,
2615 3111 2761 3193 quia

489 3258 498 3281 f
561 3206 724 3272 illud
767 3207 1081 3274 iudicatur
1123 3214 1452 3274 sanitatem
1502 3208 1792 3287 efficere,
1851 3211 1952 3273 cui
2010 3222 2321 3295 tamquam
2367 3232 2763 3297 consequens

559 3309 793 3374 accidit
839 3313 1017 3377 calor
1061 3317 1368 3401 corporis
1416 3322 1481 3377 et
1525 3335 1600 3377 ex
1648 3333 1726 3377 eo
1774 3313 2062 3376 nimirum
2106 3316 2357 3378 sanitas.
2437 3313 2566 3378 Sed
2612 3334 2766 3378 con-

563 3424 790 3478 tortam
836 3417 1000 3480 hanc
1043 3439 1183 3483 esse
1229 3416 1729 3503 explicationem,
1776 3426 1845 3480 et
1886 3437 2107 3500 pamm
2154 3426 2300 3502 apte
2344 3415 2520 3481 aliud
2556 3416 2763 3481 subie-

563 3528 728 3582 ctum
775 3522 931 3603 poni
976 3544 1034 3583 v.
1079 3532 1252 3587 ποιεῖ
1295 3532 1485 3606 atque
1531 3530 1717 3584 antea
1760 3519 1940 3583 verbi
1981 3529 2209 3597 ποιεῖν,
2252 3529 2545 3605 apparet;
2589 3540 2765 3584 acoe-

564 3620 656 3685 dit
704 3622 879 3706 quod
925 3622 1102 3687 Alex.
1159 3645 1278 3709 pro
1340 3623 1707 3707 συμβέβηκε
1763 3617 2104 3709 θερμότης
2144 3622 2395 3688 videtur
2438 3622 2762 3689 habuisse:

563 3725 972 3809 συμβέβηκεν
1014 3723 1057 3804 ἡ
1101 3713 1389 3810 ὑγῖεια.
1486 3728 1634 3790 Hoc
1674 3726 2114 3811 reputantibus
2158 3744 2292 3790 non
2336 3726 2763 3812 improbabile

562 3827 882 3893 videbitur
925 3832 1222 3916 scriptum
1267 3831 1488 3895 fuisse:
1547 3822 1652 3893 διὸ
1696 3831 1805 3893 καὶ
1850 3829 2104 3912 λέγεται
2146 3840 2357 3895 ποιεῖν
2404 3832 2557 3910 (int.
2604 3827 2647 3908 ἡ
2692 3835 2765 3896 ἐν

561 3931 642 4018 τῇ
685 3928 933 4010 κινήσει
975 3928 1312 4020 θερμότης
1363 3928 1485 4013 τὴν
1524 3930 1849 4015 ὑγίειαν),
1907 3928 2013 3996 ὅτι
2065 3937 2271 3998 ἐκεῖνο
2328 3937 2481 4013 (int.
2526 3927 2648 4012 τὴν
2693 3937 2766 3997 ὲν

561 4032 656 4114 τῷ
700 4028 953 4116 σώματι
995 4032 1424 4123 θερμότητα)
1468 4044 1656 4114 ποιεῖ,
1702 4025 1755 4119 ᾧ
1800 4033 2161 4102 ἀκολουθεῖ
2203 4038 2317 4101 καὶ
2354 4037 2766 4123 συμβέβηκεν

566 4160 606 4214 η
652 4133 938 4219 ὑγίεια.

699 4243 907 4305 1034a
946 4244 1035 4307 30
1079 4238 1276 4307 ὥστε
1323 4282 1411 4293 -
1454 4245 1532 4307 ὂ7
1582 4238 1865 4306 αὐτῶν.
1966 4242 2278 4307 particula
2338 4240 2765 4308 concludendi

565 4338 726 4407 ὥστε
783 4365 916 4410 non
974 4346 1226 4411 videtur
1282 4344 1361 4409 ad
1418 4349 1800 4423 universam,
1860 4367 2045 4432 quam
2098 4346 2293 4411 modo
2342 4349 2766 4433 exposuimus,
2800 4351 2821 4363 “

565 4445 1079 4533 disputationem,
1116 4450 1468 4528 amdan,
1511 4448 1736 4515 referri
1780 4470 1991 4537 posse,
2034 4449 2150 4517 sed
2195 4451 2275 4516 ad
2320 4454 2499 4537 prius
2546 4450 2767 4517 distin-
