3109 5175
1159 405 1240 475 Λ
1287 403 1358 475 9.
1442 402 1707 477 107412.
2384 406 2528 482 515

461 578 775 665 Exposito
822 598 1085 643 numero
1129 578 1619 648 substantiarum
1667 583 2082 661 moventium,
2129 603 2293 669 quae
2336 606 2529 669 quum

330 691 398 746 et
440 685 618 769 ipsae
653 693 950 747 aeternae
987 681 1242 747 divinae
1278 683 1632 749 immobiles
1667 686 1810 764 sint,
1852 704 2097 749 summo
2139 696 2349 751 tamen
2383 697 2530 753 sunt

327 785 654 850 intellectu
696 786 1069 865 inferiores,
1123 785 1204 851 ad
1258 787 1428 852 hunc
1471 787 2029 874 contemplandum
2074 793 2413 855 revertitur
2453 812 2530 855 ac

327 892 731 974 quaestiones
790 887 1035 975 aliquot
1084 889 1166 956 de
1213 894 1347 956 eius
1395 902 1618 956 natura
1661 900 1880 957 movet
1922 901 2251 978 motasque
2296 891 2529 959 deinde

328 992 580 1058 dirimit.
614 1029 694 1044 —·
733 993 866 1058 1⁵15
912 995 1091 1059 δοκεῖ
1125 997 1246 1079 μὲν
1278 989 1407 1080 γὰρ
1444 996 1602 1074 (int.
1639 990 1677 1058 ὁ
1710 996 1909 1076 νοῦς)
1945 992 2113 1061 εἶναι
2144 996 2301 1060 τῶν
2334 1018 2528 1083 φαι·

324 1100 692 1180 νομένων
735 1089 1113 1163 θειότατον.
1189 1099 1420 1162 Mirum
1464 1096 1674 1162 videri
1719 1097 1914 1162 debet
1957 1096 2132 1185 quod
2176 1097 2354 1163 dicit:
2397 1100 2528 1166 τόν

327 1201 778 1288 φαινομένων,
837 1202 1067 1263 etenim
1128 1197 1502 1289 φαινόμενα
1555 1199 1850 1266 dicuntur
1893 1222 1967 1266 ea
2014 1221 2177 1286 quae
2220 1213 2532 1288 apparent

327 1322 404 1365 ac
440 1300 730 1366 sensibus
765 1305 1213 1389 percipiuntur,
1257 1304 1541 1390 ideoque
1579 1306 1947 1389 saepissime
1985 1318 2401 1390 opponuntur
2433 1328 2530 1371 ra·

328 1406 759 1481 tiocinationi,
801 1406 895 1486 τῷ
935 1401 1138 1489 λόγῳ,
1186 1407 1265 1471 cf.
1311 1407 1392 1472 ad
1435 1411 1496 1472 6.
1545 1408 1754 1473 1072ae
1794 1409 1905 1483 173
1964 1407 2324 1474 intellectus
2367 1431 2528 1477 vero

326 1528 605 1572 summus
661 1527 796 1571 non
853 1511 918 1570 in
964 1510 1040 1572 iis
1086 1521 1183 1574 est
1226 1510 1447 1589 rebus,
1504 1531 1669 1597 quae
1728 1510 2020 1576 sensibus
2076 1514 2528 1598 percipiuntur,

327 1610 442 1676 sed
504 1620 568 1675 et
626 1631 765 1675 esse
817 1632 958 1675 eum
1006 1621 1072 1676 et
1114 1612 1316 1697 qualis
1355 1617 1439 1678 sit
1483 1613 1924 1678 ratiocinando
1968 1625 2210 1681 tantum
2256 1619 2533 1702 assequi—

209 1738 224 1750 ·
326 1737 484 1780 mur.
562 1713 922 1780 Alexander
964 1737 1113 1781 num
1159 1717 1318 1781 haec
1359 1738 1538 1780 vocc.
1585 1718 1653 1780 in
1698 1726 1873 1782 textu
1917 1718 2225 1797 babuerit,
2270 1718 2532 1785 dubium

329 1830 441 1896 est,
487 1821 785 1903 quoniam
830 1822 894 1882 in
943 1822 1474 1908 interpretatione
1520 1818 1655 1884 h.1.
1704 1842 1776 1885 ea
1818 1842 2081 1907 prorsus
2119 1820 2405 1910 negligit,
2449 1822 2529 1888 cf.

325 1944 388 2009 p.
412 1923 561 1998 686,
596 1924 705 1987 15:
752 1916 856 1986 ὅτι
896 1925 1017 2007 μὲν
1060 1918 1190 2010 γὰρ
1234 1919 1270 1988 ὀ
1317 1923 1617 2000 τοιοῦτος
1657 1926 1815 2000 νοῦς
1851 1921 1926 1989 τὸ
1965 1920 2327 1989 θειότατον
2360 1920 2531 1990 πάν·-

325 2047 458 2090 των
492 2025 629 2090 ἐστὶ
662 2027 776 2091 καὶ
808 2019 885 2090 τό
921 2020 1196 2116 ἄριστον
1228 2022 1538 2116 φανερόν.
1608 2025 1862 2112 Quodsi
1900 2029 2178 2115 genuina
2214 2037 2379 2105 sunt,
2416 2026 2534 2092 ‹ut-

326 2126 579 2192 ficultas
626 2127 951 2214 aliquanto
996 2140 1167 2194 certe
1212 2131 1525 2208 minuitur,
1569 2133 1621 2195 si
1662 2128 2157 2195 intellexerimus
2198 2130 2331 2195 τῶν
2372 2154 2532 2220 φαι-

326 2233 623 2317 νομένων
663 2227 836 2296 κατα
879 2227 999 2298 τὸν
1043 2229 1348 2320 οὐρανόν.
1417 2233 1496 2298 cf.
1528 2235 1722 2321 Phys.
1755 2234 1815 2299 11
1851 2234 1912 2299 4.
1949 2234 2115 2299 196⁶
2140 2233 2255 2298 33:
2298 2227 2419 2299 τὸν
2461 2231 2521 2299 δ’

329 2329 617 2421 οὐρανὸν
655 2337 768 2402 καὶ
805 2328 890 2400 τοὶ
931 2332 1258 2401 θειότατα
1300 2339 1432 2401 τῶν
1475 2338 1783 2427 φανερῶν
1825 2338 1959 2402 κτλ.
2033 2336 2327 2423 Ipsorum
2358 2340 2536 2403 nimi-

329 2461 466 2503 rum
511 2437 787 2504 siderum
839 2444 956 2518 (ea
1005 2443 1182 2504 enim-
1218 2449 1366 2505 sunt
1409 2435 1494 2505 τοὶ
1539 2435 1917 2530 φαινόμενα
1956 2433 2129 2504 κατὰ
2168 2434 2291 2506 τὸν
2330 2439 2536 2529 οὐρα-

325 2538 486 2626 νόν)
528 2543 740 2609 divina
779 2552 876 2608 est
903 2554 1143 2622 natura,
1189 2544 1269 2609 ef.
1300 2543 1443 2610 Eth.
1477 2546 1560 2611 N.
1587 2546 1680 2611 Vl
1713 2548 1770 2611 7.
1807 2546 2017 2611 114la
2038 2545 2146 2623 34,
2188 2543 2306 2611 sed
2336 2544 2535 2636 longe

327 2646 438 2713 illa
484 2659 746 2734 superat
790 2648 1123 2713 divinitate
1167 2661 1429 2712 naturae
1474 2669 1749 2714 summus
1793 2647 2175 2713 intellectus.

460 2755 546 2832 a)
595 2752 797 2816 10741»
825 2753 908 2815 14
954 2749 1116 2815 εἴτε
1165 2786 1244 2797 -
1287 2753 1373 2816 35
1410 2747 1714 2831 νόησις.
1783 2754 1946 2816 Tres
1992 2755 2304 2838 proponit
2346 2772 2535 2838 quae-

327 2857 601 2933 stiones,
660 2874 891 2940 easque
937 2852 1172 2918 deinde
1218 2855 1382 2933 (⁶25
1428 2854 1635 2933 δῆλον
1678 2855 1901 2919 τοίνυν
1943 2855 2120 2932 κτλ..)
2164 2854 2377 2918 solvit.
2464 2854 2534 2919 Si

325 2957 720 3023 intellectum
783 2960 1112 3022 statuimus
1172 2957 1332 3021 nihil
1393 2956 1786 3044 intelligere,
1847 2956 1960 3021 sed
2023 2959 2203 3042 quasi
2260 2956 2536 3021 dormire

328 3064 412 3142 (i.
446 3084 502 3125 e.
549 3056 820 3144 δυνάμει
864 3057 1050 3139 εἶναι,
1096 3057 1242 3124 ἀλλ’
1283 3057 1401 3125 οὐκ
1435 3063 1744 3145 ἐνεργείᾳ,
1791 3060 1869 3125 cf.
1900 3059 1983 3125 ad
2019 3060 2078 3126 Θ
2105 3062 2167 3125 6.
2202 3060 2405 3125 1048ὂ
2435 3063 2535 3142 1),

330 3167 589 3230 evanuit
634 3164 848 3229 divina
888 3167 1024 3229 eius
1059 3167 1368 3242 maiestas,
1407 3165 1553 3242 ⁵17,
1592 3167 1695 3230 18.
1771 3165 1884 3230 Sin
1923 3163 2225 3253 intelligit
2261 3161 2534 3250 quidem,

328 3266 444 3333 sed
491 3267 558 3333 id
601 3270 803 3354 ipsum
849 3277 920 3331 ut
963 3266 1280 3356 intelligat
1326 3266 1583 3332 aliunde
1627 3276 1729 3333 est
1766 3290 2163 3356 suspensum,
2202 3267 2283 3332 ab
2324 3288 2404 3332 eo
2442 3269 2536 3331 ni-

329 3372 584 3447 mirum,
642 3368 816 3455 quod
862 3368 1269 3457 intelligitur,
1324 3391 1457 3434 non
1504 3380 1721 3455 potest
1763 3374 1901 3458 ipse
1943 3392 2063 3458 pro
2112 3374 2348 3457 optima
2393 3369 2539 3434 sub-

330 3476 562 3537 stantia
606 3471 855 3549 haberi3
903 3474 1133 3537 etenim
1183 3495 1255 3537 ex
1302 3484 1448 3537 actu
1490 3472 1895 3561 intelligendi
1941 3474 2219 3562 dignitas
2266 3476 2401 3537 eius
2446 3483 2543 3538 est

332 3573 714 3662 repetenda,
760 3578 894 3661 ipse
937 3596 1097 3641 vero
1144 3573 1523 3652 intellectus,
1572 3579 1626 3638 si
1674 3576 1836 3640 hanc
1880 3579 2016 3640 eius
2062 3586 2351 3643 naturam
2396 3597 2538 3640 esse

329 3683 644 3767 ponimus,
691 3699 826 3743 non
872 3689 1049 3744 actus
1095 3677 1211 3744 sed
1256 3680 1546 3765 potentia
1595 3688 1691 3742 est
1729 3677 2151 3768 intelligendi,
2192 3679 2539 3744 tls—21.

330 3784 499 3864 (1⁵19
543 3780 627 3848 οὐ
664 3776 792 3869 γάρ
837 3786 992 3862 ἐστι,
1037 3784 1334 3869 quoniam
1384 3779 1712 3846 concludit
1756 3783 1896 3860 Ar„
1954 3780 2107 3868 quid
2169 3792 2339 3847 esset
2388 3802 2540 3845 con-

330 3898 695 3953 secuturum
741 3889 796 3950 si
848 3885 978 3950 boc
1027 3906 1443 3971 poneremus,
1500 3882 1905 3949 scribendum
1949 3884 2231 3951 videtur:
2290 3881 2371 3949 οὐ
2409 3874 2540 3972 γὰρ

328 3991 582 4056 ἔσται.
644 3989 948 4057 Ceterum
985 3991 1348 4059 enunciatio
1379 3991 1467 4052 ita
1498 3996 1594 4053 est
1624 3985 2072 4065 construenda,
2109 3997 2181 4055 ut
2208 4003 2311 4051 vv.
2340 3990 2538 4053 τοῦτο

331 4088 374 4157 ὅ
416 4098 596 4158 ἐστιν
639 4090 847 4158 αὐτοῦ
887 4088 930 4171 ἡ
976 4089 1172 4156 οὐσία
1227 4112 1349 4178 pro
1407 4090 1700 4156 subiecto
1754 4089 2136 4169 habeantur,
2193 4101 2260 4156 et
2312 4086 2543 4168 νόησις

329 4217 406 4260 ac
451 4192 727 4281 δύναμις
772 4215 894 4281 pro
940 4194 1380 4281 praedicatis.)
1453 4194 1753 4279 Denique
1798 4198 2096 4279 quoniam
2143 4214 2177 4256 a
2226 4192 2540 4278 dignitate

333 4300 468 4362 eius
514 4301 624 4377 rei,
670 4321 833 4383 quae
878 4297 1270 4387 intelligitur,
1317 4300 1511 4384 ipsius
1556 4295 2010 4362 intellectionis
2051 4292 2399 4382 repetenda
2443 4302 2544 4357 est

330 4399 624 4487 dignitaS,
669 4402 1098 4488 quaerendum
1146 4411 1242 4466 est
1287 4401 1438 4486 quid
1483 4398 1805 4488 intelligat
1848 4420 2125 4465 summus
2164 4394 2543 4475 intellectus,

327 4505 675 4571 b21—25.
715 4543 794 4557 —-
842 4506 976 4569 Has
1017 4507 1428 4592 quaestiones
1463 4514 1536 4570 ut
1570 4502 1802 4583 solvat,
1846 4506 2113 4590 primum
2151 4498 2233 4565 ad
2274 4521 2410 4565 eam
2448 4514 2546 4563 re-

2031 4606 2139 4660 33·
