3109 5175
1223 376 1301 445 A
1347 372 1416 446 3.
1492 369 1718 447 9831).
2469 371 2560 446 61

362 546 737 635 generandi,
780 547 869 611 ita
914 543 1111 612 altera
1154 549 1468 634 prospicit
1506 547 1723 613 finem.
1790 547 2152 635 Coniungit
2183 556 2391 613 autem
2426 569 2570 613 cau-

363 673 474 715 sae
516 649 730 714 finalis
774 668 1009 715 nomen
1054 644 1132 715 τὸ
1178 641 1260 716 οὗ
1300 656 1488 716 ἕνεκα
1531 674 1671 716 cnm
1716 654 1975 716 nomine
2017 651 2175 715 boni
2213 652 2328 716 καὶ
2362 648 2570 735 τάγα·

362 747 508 818 θόν
550 752 669 831 (cf.
710 752 930 817 eadem
969 757 1307 819 coniuncta
1337 757 1398 819 2.
1428 757 1590 819 982ῠ
1613 757 1675 819 9.
1712 755 1782 819 Β
1809 757 1871 820 2.
1901 757 2070 820 99641
2094 756 2200 819 24.
2237 757 2265 809 ὁ
2285 757 2383 819 12.
2422 755 2480 819 Δ
2503 756 2565 819 2.

367 857 573 921 10135
607 857 713 921 25.
771 856 844 920 Κ
887 858 942 920 1.
994 859 1201 922 10594
1233 857 1321 921 35
1365 855 1519 938 aL),
1578 861 1736 942 quia·
1765 869 2032 943 utraque
2075 859 2287 933 notin,
2331 860 2385 921 si
2432 878 2566 921 eam

362 979 484 1045 per
528 980 600 1022 se
645 968 711 1023 et
753 959 943 1045 plena
990 959 1409 1046 absolutaque
1451 962 1517 1023 vi
1569 964 1845 1046 ceperis,
1902 959 2069 1024 idem
2116 958 2445 1023 Aristoteli
2488 962 2570 1023 si-

365 1061 649 1149 gnificat.
719 1063 1008 1127 Summus
1045 1066 1209 1127 enim
1244 1062 1409 1141 finis,
1453 1081 1582 1148 quo
1633 1064 1845 1128 omnia
1890 1063 2177 1141 tendunt,
2224 1072 2321 1126 est
2362 1068 2567 1148 ipsum

367 1163 640 1240 bonum,
687 1175 752 1229 et
790 1168 1065 1231 vicissim
1108 1164 1348 1232 bonum
1392 1170 1476 1231 ita
1522 1175 1764 1230 tantum
1809 1164 2065 1244 definit,
2108 1176 2180 1229 ut
2221 1164 2375 1231 illuc
2418 1177 2569 1230 tam·

367 1288 553 1352 quam
599 1264 679 1331 ad
724 1266 1007 1333 ultimum
1052 1268 1247 1334 finem
1292 1280 1579 1355 spectare
1613 1271 1823 1333 omnia
1861 1266 2046 1332 dicat.
2113 1267 2218 1334 Cf.
2251 1269 2391 1333 Eth.
2425 1270 2565 1334 Nic.

368 1368 398 1432 1
433 1371 490 1433 1.
535 1369 626 1433 111
664 1372 725 1434 6.
772 1408 855 1421 —
901 1371 1198 1456 Quatuor
1237 1375 1433 1460 igitur
1476 1393 1666 1458 quum
1712 1373 1840 1437 sint
1881 1373 2060 1450 (ἐπεὶ
2095 1372 2165 1436 δέ
2203 1373 2381 1452 424)
2426 1393 2570 1436 cau-

366 1491 575 1537 sarum
619 1479 875 1559 genera,
921 1495 1375 1561 quamquam
1420 1480 1573 1541 satis
1617 1486 1715 1541 est
1758 1475 1841 1540 de
1877 1477 1954 1539 iis
1996 1474 2377 1560 disputatum
2423 1481 2569 1556 (τε-

368 1571 709 1660 θεώρηται
747 1578 897 1660 μὲν
939 1565 1083 1643 οὖν
1129 1580 1307 1660 ⁶33)
1350 1582 1416 1643 in
1462 1579 1784 1664 Physicis,
1834 1579 2024 1663 Phys.
2071 1579 2130 1642 11
2173 1580 2235 1644 3.
2283 1580 2350 1657 7,
2395 1577 2569 1642 adhi-

368 1677 581 1744 benda
626 1690 837 1744 tamen
880 1690 1028 1745 sunt
1070 1685 1466 1767 superiorum
1502 1681 2030 1768 philosophorum
2068 1679 2320 1766 placita.
2387 1682 2571 1744 Hanc

370 1803 514 1847 esse
556 1786 836 1847 universi
873 1786 1190 1848 enunciati
1227 1785 1814 1860 conformationem,
1849 1807 1969 1849 nec
1999 1796 2175 1849 recte
2206 1783 2568 1849 Bekkerum

370 1896 517 1950 ante
550 1880 960 1972 τεθεώρηται
990 1889 1111 1969 μὲν
1147 1877 1265 1952 οὖν
1299 1886 1491 1974 plene
1524 1889 1897 1967 distinxisse,
1945 1887 2373 1953 demonstravi
2406 1887 2566 1953 Obs.

370 1987 451 2053 ad
482 1989 639 2054 Met.
685 2011 748 2074 p.
777 1991 884 2054 34.
930 1989 1009 2053 cf.
1042 1987 1205 2055 obs.
1252 1990 1332 2053 ad
1364 1990 1595 2057 Moral.
1641 2015 1705 2078 p.
1740 1994 2037 2057 12-16.
2108 1992 2296 2076 Quae
2340 1989 2431 2053 ibi
2476 2001 2569 2054 at-

366 2090 484 2156 tuli
528 2090 830 2178 exempla,
876 2113 1097 2157 eorum
1142 2114 1442 2158 numerus
1488 2116 1563 2159 ex
1597 2093 1937 2160 Aristotele
1980 2093 2180 2158 multo
2213 2102 2432 2179 potest
2461 2113 2570 2157 au·

368 2197 537 2282 geri,
593 2217 714 2260 nec
769 2216 1161 2284 magnopere
1208 2196 1402 2262 distat
1446 2198 1604 2262 baec
1648 2198 2069 2263 conformatio
2117 2197 2197 2260 ab
2246 2217 2320 2261 ea
2361 2196 2567 2260 forma

365 2296 779 2384 periodorum
809 2299 1194 2376 Latinarum,
1241 2298 1322 2364 de
1367 2321 1489 2385 qua
1535 2304 1831 2388 exposuit
1857 2299 2264 2389 Nfigelsbach
2308 2298 2413 2363 lat.
2444 2298 2568 2364 Sti-

366 2399 541 2465 listik
586 2400 642 2485 §.
677 2404 822 2468 116.

501 2504 663 2569 983ῠ
697 2507 729 2568 1
781 2499 971 2582 τούς
1012 2501 1419 2594 πρότερον
1463 2543 1548 2556 ——
1595 2510 1639 2574 3
1683 2504 2115 2587 ἀληθείας.
2188 2505 2567 2591 Superiores

366 2606 793 2695 philosophos
840 2609 1015 2696 quod
1064 2609 1218 2674 dicit
1258 2612 1514 2677 venisse
1560 2615 1649 2687 εὶς
1691 2612 2031 2701 ἐπίσκεψιν
2073 2611 2205 2675 τῶν
2248 2604 2458 2674 ὄντων
2502 2620 2570 2673 et

367 2710 857 2798 philosophatos
915 2736 1055 2779 esse
1111 2717 1259 2799 περὶ
1313 2715 1431 2794 τῆς
1478 2710 1838 2792 ἀληθείας,
1894 2714 2061 2778 idem
2105 2712 2244 2776 fere
2285 2716 2568 2797 utrisque

365 2815 581 2880 verbis
625 2815 959 2904 significat.
1048 2818 1352 2883 Veritatis
1398 2821 1564 2882 enim
1610 2838 1801 2902 quum
1847 2838 1923 2881 ea
1966 2821 2049 2882 sit
2089 2816 2222 2894 lex,
2277 2826 2347 2880 ut
2405 2836 2567 2901 quae

368 2929 532 2996 sunt,
579 2940 652 2983 ea
698 2941 857 2998 esse,
901 2940 1063 3007 quae
1107 2942 1240 2986 non
1284 2931 1445 2999 sunt,
1493 2942 1570 2985 ea
1613 2939 1748 2984 non
1794 2941 1934 2984 esse
1979 2929 2370 2996 censeantur,
2415 2919 2481 2981 Γ
2506 2920 2565 2984 7.

372 3024 582 3087 lona
617 3024 733 3101 25,
784 3044 918 3087 non
961 3022 1221 3089 multum
1268 3024 1485 3089 differt
1526 3034 1733 3089 utrum
1780 3027 1949 3087 entia
1993 3020 2410 3108 contemplari
2457 3019 2567 3085 ali-

365 3146 551 3210 quem
597 3126 704 3205 (cs.
736 3127 803 3190 Γ
826 3129 895 3206 1)
937 3147 1018 3191 an
1067 3126 1148 3191 de
1184 3131 1456 3193 veritate
1483 3126 1926 3214 philosophari
1955 3126 2064 3207 (cf.
2096 3150 2141 3190 α
2175 3128 2233 3190 1.
2264 3127 2426 3190 9936
2448 3126 2567 3204 20)

368 3227 559 3293 dicas.
589 3267 678 3280 —
713 3230 1123 3316 superiorum
1157 3241 1363 3296 autem
1396 3230 1921 3317 philosophorum
1955 3228 2181 3314 placita
2214 3250 2402 3314 quum
2435 3248 2570 3291 sae-

364 3335 623 3419 pissime
654 3333 890 3398 reserat
920 3334 1311 3413 Aristoteles,
1355 3356 1691 3421 numquam
1722 3333 2088 3420 simpliciter
2116 3332 2398 3396 historici
2426 3350 2569 3416 par-

367 3443 467 3499 tes
496 3439 643 3522 agit,
680 3435 794 3501 sed
827 3436 1064 3523 ubique
1095 3438 1360 3503 aliorum
1392 3440 1740 3502 sententias
1778 3436 1859 3501 ad
1895 3458 2071 3501 suam
2107 3439 2305 3520 ipsius
2336 3433 2569 3498 doctri-

368 3559 511 3602 nam
558 3539 832 3618 consert,
875 3551 949 3605 ut
1001 3562 1218 3606 eorum
1272 3540 1776 3606 dubitationibus
1820 3539 1973 3626 quid
2022 3544 2104 3602 sit
2139 3536 2567 3624 quaerendum

369 3640 726 3721 doceamur,
769 3642 837 3708 B
866 3646 898 3708 1
935 3646 1086 3721 init„
1128 3644 1234 3708 vel
1275 3666 1436 3731 quae
1469 3642 1635 3708 male
1669 3642 1761 3708 ini
1800 3651 2197 3719 censuerunt,
2245 3644 2566 3718 evitemus,

369 3766 532 3832 quae
567 3745 748 3824 bene,
792 3749 1193 3826 retineamuS,
1236 3747 1315 3812 cf.
1358 3750 1449 3814 M
1473 3751 1528 3812 1.
1574 3749 1781 3812 1076·
1813 3748 1893 3810 12
1930 3767 2065 3830 sqq.
2110 3768 2157 3807 α
2192 3746 2249 3808 1.
2287 3744 2449 3808 993ὂ
2487 3744 2567 3807 12

366 3870 501 3935 sqq.
558 3848 644 3913 de
686 3849 875 3916 coelo
920 3850 948 3913 1
994 3852 1096 3915 1⁰.
1139 3851 1303 3915 279⁶
1327 3854 1462 3917 5-
1486 3853 1586 3916 12.
1645 3848 1728 3913 de
1773 3871 1870 3916 an.
1906 3849 1933 3913 1
1968 3849 2029 3912 2.
2067 3848 2227 3912 ‹1⁰31›
2262 3849 2342 3911 21
2367 3847 2567 3911 -4-24.

344 3953 455 4016 ,Ει
495 3952 623 4017 hoc
665 3952 915 4038 quidem
963 3953 1111 4019 loco
1170 3956 1566 4040 superiorum
1619 3952 2145 4038 philosophorum
2192 3954 2568 4015 auctoritate

369 4056 706 4121 confirmat
746 4056 988 4123 nullum
1034 4077 1069 4119 a
1115 4078 1187 4121 se
1230 4056 1739 4143 praetermissum
1788 4077 1926 4120 esse
1978 4075 2302 4120 causarum
2346 4074 2568 4141 genua,

368 4158 657 4222 similiter
700 4182 775 4223 ac
800 4162 878 4225 A
910 4162 1014 4225 1⁰.
1053 4162 1260 4226 lo75a
1295 4162 1709 4225 25-1076·
1745 4162 1786 4225 4
1836 4161 2181 4245 expositam
2228 4156 2309 4222 de
2356 4156 2569 4220 divina

366 4271 581 4325 mente
624 4260 979 4328 doctrinam
1026 4283 1106 4328 eo
1154 4263 1547 4351 comprobat,
1594 4262 1770 4348 quod
1808 4266 1893 4328 ita
1930 4264 2325 4349 superiorum
2363 4257 2567 4345 philo-

366 4363 717 4451 sophorum
764 4365 1196 4433 dubitationes
1242 4388 1462 4431 omnes
1507 4365 1855 4432 solvantur.

430 4490 435 4497 ·
497 4468 661 4535 983⁶
694 4472 738 4535 6
783 4472 938 4537 τῶν
989 4467 1084 4550 δὴ
1128 4466 1463 4559 πρώτων
1505 4507 1593 4520 -
1640 4472 1726 4536 18
1770 4470 2106 4548 ἐκείνης.
2198 4467 2568 4552 Antiquissi-
