3109 5175
1163 416 1240 488 B
1283 408 1355 489 2.
1431 408 1659 491 9975.
2371 418 2509 495 147

293 588 532 656 eodem
562 587 760 655 modo
791 588 1088 676 disputat,
1135 610 1263 677 quo
1293 594 1360 655 in
1399 591 1840 678 superioribus
1878 593 2017 658 fere
2053 612 2204 659 usus
2241 606 2394 676 erat,
2436 608 2515 663 ut
2585 646 2594 655 .

294 693 649 759 dialecticis
693 693 1051 759 rationibus
1095 693 1360 759 eandem
1407 701 1915 783 propositionem
1963 709 2029 762 et
2062 696 2407 763 affirmaret
2443 713 2510 766 et

291 808 592 885 negaret,
650 797 764 862 sed
809 801 1130 861 maximam
1176 809 1416 884 partem
1461 803 1528 864 in
1577 820 1658 864 eo
1704 803 2072 887 acquiescit,
2128 810 2201 865 nt
2255 812 2508 866 senten.-

290 904 448 966 tiam
495 923 530 965 a
577 901 847 967 Platone
906 922 980 965 ea
1039 901 1122 966 de
1177 924 1247 966 re
1299 907 1696 990 propositam
1745 907 2082 983 examinet,
2137 907 2272 970 sive
2329 906 2502 992 quod

289 1010 437 1092 ipsa
482 1006 665 1070 huius
712 1005 1130 1071 dubitationis
1171 1008 1501 1070 mentione
1546 1011 1755 1072 statim
1799 1008 2049 1072 ducitur
2086 1007 2166 1072 ad
2204 1008 2502 1073 iudicium

291 1108 382 1173 de
429 1107 676 1195 placitis
707 1109 1052 1174 Platonicis
1100 1108 1444 1186 serendum,
1489 1113 1629 1175 sive
1671 1111 1845 1197 quod
1889 1130 2031 1176 esse
2068 1128 2183 1176 cur
2218 1112 2507 1177 substan-

291 1216 424 1278 tiae
468 1224 722 1299 praeter
765 1214 1098 1279 sensibiles
1145 1224 1467 1298 ponantur
1509 1235 1585 1278 ex
1628 1219 1765 1301 ipsa
1804 1214 2174 1279 Platonicae
2219 1216 2505 1302 pbiloso-

289 1315 490 1402 pbiae
531 1319 784 1406 origine
829 1322 915 1383 ita
963 1327 1181 1382 censet
1224 1336 1551 1404 apparere,
1596 1329 1667 1383 nt
1710 1322 1778 1383 in
1826 1338 1899 1383 ea
1940 1319 2288 1383 refellenda
2323 1341 2505 1405 prae-

293 1422 484 1505 cipua
530 1422 613 1485 sit
658 1443 855 1508 opera
902 1420 1223 1508 ponenda.
1257 1458 1340 1472 -
1387 1420 1579 1486 Suam
1624 1420 1707 1486 de
1748 1423 1845 1486 bis
1890 1421 2083 1488 rebus
2128 1426 2503 1488 sententiam

288 1522 679 1588 Aristoteles
727 1528 986 1612 exponit
1029 1523 1195 1589 libro
1242 1525 1317 1601 Z,
1360 1527 1436 1589 A
1467 1527 1726 1603 6-10,
1773 1527 1863 1590 Μ
1883 1527 1946 1591 2.
1985 1528 2046 1605 3,
2092 1526 2202 1591 ubi
2246 1527 2499 1614 quidem

288 1625 378 1691 de
423 1627 516 1710 τῷ
558 1629 624 1691 τί
667 1617 754 1708 ἦν
798 1626 981 1707 εἶναι,
1027 1627 1109 1692 de
1154 1628 1504 1693 substantia
1548 1627 1854 1693 immobili
1897 1633 2182 1695 seiuncta
2227 1653 2262 1695 a
2307 1631 2500 1696 rebus

286 1730 714 1810 sensibilibus,
760 1732 842 1797 de
888 1731 1077 1797 rebus
1121 1730 1575 1796 mathematicis
1622 1731 1921 1819 disputat.

427 1836 522 1900 Ac
565 1839 831 1921 primum
877 1835 1130 1922 quidem
1175 1837 1344 1900 997⁶
1384 1837 1629 1901 3--12
1680 1835 1855 1902 ideas
1913 1842 2191 1902 statuere
2247 1847 2502 1925 praeter

285 1960 395 2004 res
431 1938 767 2003 sensibiles
801 1936 964 2017 (τοὶς
995 1943 1067 2003 ἐν
1103 1940 1198 2022 τῷ
1236 1935 1496 2023 οὐρανῷ
1525 1940 1635 2016 ⁶6,
1680 1941 1721 2003 i.
1756 1961 1811 2003 e.
1848 1933 1967 2016 τὰς
2002 1946 2073 2005 ἐν
2103 1938 2199 2023 τῷ
2232 1937 2500 2024 κόσμῳ)

289 2062 364 2106 ea
411 2044 688 2121 ratione,
735 2060 857 2128 qua
901 2052 1167 2107 utuntur
1209 2042 1520 2106 Platonici
1566 2043 1878 2124 (λέγομεν
1918 2044 2020 2120 ῠ3,
2069 2042 2146 2106 cf.
2194 2042 2274 2107 ad
2318 2044 2391 2107 A
2434 2044 2498 2108 8.

285 2146 454 2210 989ῠ
489 2146 632 2226 18),
671 2156 926 2232 praeter
962 2146 1119 2211 alias
1156 2150 1269 2227 (ἐν
1305 2153 1446 2221 τοῖς
1484 2140 1766 2229 πρώτοις
1805 2139 2026 2228 λόγοις
2058 2146 2160 2223 ⁵4,
2202 2144 2278 2209 cf.
2315 2148 2384 2210 A
2414 2148 2503 2226 9)

285 2250 456 2313 hane
501 2252 688 2314 etiam
726 2249 919 2314 affert
954 2248 1411 2326 difficultatem,
1456 2247 1648 2334 quod,
1682 2251 1735 2311 si
1770 2248 2063 2314 subtilius
2100 2268 2318 2313 eorum
2358 2271 2501 2314 sen·

287 2355 549 2417 tentiam
598 2357 963 2431 excusseris,
1006 2372 1139 2418 non
1183 2364 1436 2440 ponunt
1477 2374 1550 2416 re
1594 2372 1745 2416 vera
1792 2351 1946 2416 alias
1992 2352 2378 2418 substantias
2425 2375 2501 2417 ac

288 2455 643 2532 sensibiles,
689 2455 804 2521 sed
847 2459 1018 2542 ipsas
1061 2455 1413 2535 sensibiles,
1460 2454 1673 2519 addita
1719 2455 1838 2519 hac
1880 2476 2005 2521 una
2050 2467 2222 2534 nota,
2266 2466 2339 2521 ut
2372 2461 2501 2522 sint

291 2570 624 2638 aeternae-3
672 2552 751 2625 cf.
795 2561 868 2626 A
896 2563 957 2627 9.
995 2562 1158 2627 99οῠ
1186 2562 1248 2626 2.
1308 2560 1368 2625 Ζ
1399 2560 1499 2627 16.
1548 2560 1749 2626 lom
1779 2559 1885 2625 30.
1946 2561 2034 2625 Μ
2055 2562 2116 2626 9.
2156 2560 2359 2627 10866
2396 2564 2497 2628 10.

287 2667 427 2730 Hac
485 2675 694 2731 autem
753 2668 1270 2741 ratiocinatione,
1329 2668 1383 2729 si
1439 2685 1653 2728 veram
1711 2684 1846 2729 eam
1902 2685 2042 2727 esse
2087 2667 2498 2743 concesseris,

287 2777 558 2857 apparet
611 2789 748 2834 non
800 2770 969 2834 effici
1015 2778 1088 2833 ut
1131 2785 1262 2833 non
1309 2767 1561 2854 possint
1604 2769 1763 2855 poni
1809 2765 2198 2831 substantiae
2244 2778 2500 2854 praeter

286 2873 640 2953 sensibiles,
684 2872 798 2938 sed
845 2881 916 2937 ut
959 2891 1089 2938 non
1135 2874 1389 2958 possint
1423 2874 1582 2958 poni
1622 2887 1763 2936 eum
1805 2875 1871 2935 in
1909 2867 2184 2951 modum,
2231 2891 2360 2957 quo
2400 2874 2498 2936 usi

286 2988 437 3044 sunt
481 2976 815 3042 Platonici.

419 3080 678 3146 Deinde
724 3079 802 3144 ad
842 3078 1100 3144 alteram
1138 3080 1529 3165 quaestionis
1566 3086 1809 3163 partem
1844 3081 2083 3155 transit,
2126 3097 2277 3168 num
2312 3076 2497 3164 plura

284 3198 544 3274 praeter
597 3203 700 3248 res
757 3183 1091 3248 sensibiles
1149 3203 1386 3271 genera
1438 3181 1927 3246 substantiarum
1972 3180 2311 3247 statuenda
2354 3182 2498 3259 sint,

285 3291 450 3356 997⁶
481 3288 844 3353 12-9981
872 3289 971 3365 19,
1017 3298 1084 3351 et
1117 3289 1379 3372 primum
1419 3283 1671 3371 quidem
1702 3283 1989 3350 Platonis
2026 3284 2107 3348 de
2146 3285 2336 3350 rebus
2374 3305 2511 3348 ma-⁴

285 3392 638 3457 thematicis
677 3393 1054 3454 sententiam
1091 3372 1449 3465 labefactat,
1492 3389 1653 3452 997⁶
1693 3390 1995 3466 12-34,
2042 3388 2281 3454 deinde
2321 3406 2497 3451 suam

288 3500 432 3583 ipse
476 3496 924 3559 refutationem
971 3496 1036 3557 in
1084 3491 1342 3557 dubium
1387 3501 1595 3555 vocat.
1673 3491 2004 3556 Platonem
2039 3491 2367 3575 quomodo
2397 3511 2499 3555 res

287 3599 757 3664 mathematicas
814 3597 1054 3662 medias
1112 3600 1280 3661 inter
1336 3595 1513 3659 ideas
1574 3605 1641 3659 et
1690 3613 1793 3659 res
1839 3592 2173 3659 sensibiles
2219 3605 2499 3658 statuere

291 3702 670 3769 Aristoteles
725 3701 988 3779 referat,
1046 3719 1239 3786 supra
1305 3701 1568 3786 exposui
1623 3699 1702 3763 ad
1748 3700 1819 3763 A
1866 3702 1925 3765 7.
1973 3699 2136 3762 987⁶
2174 3695 2276 3760 14.
2369 3696 2528 3761 lam.

291 3827 428 3873 eam
475 3809 850 3871 sententiam
895 3809 980 3870 ita
1027 3805 1286 3882 refutat,
1333 3814 1403 3868 ut
1447 3823 1581 3866 non
1628 3823 1847 3889 purae,
1894 3823 2076 3888 quam
2124 3804 2326 3875 aiunt,
2372 3819 2502 3863 ma-

290 3912 487 3976 thesis
545 3909 660 3975 sed
718 3910 1073 3996 applicatae
1126 3906 1493 3995 disciplinas
1542 3904 1624 3970 ad
1671 3909 2283 3995 argumentationem
2328 3901 2504 3966 adhi-

289 4014 458 4080 beat.
548 4014 863 4079 Nimirum
923 4010 1448 4098 quemadmodum
1494 4006 1778 4091 (ὁμοίως
1820 4049 1908 4060 -
1951 4029 2021 4074 τε
2063 4011 2235 4089 ῡ14)
2294 4007 2503 4071 lineae

288 4119 768 4184 mathematicae
807 4115 1055 4180 mediae
1100 4125 1430 4203 ponuntur
1471 4117 1640 4177 inter
1682 4112 1861 4177 ideas
1908 4124 1972 4178 et
2015 4111 2366 4189 sensibiles,
2414 4113 2501 4175 ita

289 4221 456 4287 idern
503 4215 892 4287 censendum
939 4223 1058 4284 erit
1101 4219 1183 4284 de
1228 4218 1485 4303 reliquis
1531 4237 1741 4281 rernm
1788 4217 2358 4281 mathematicarum
2392 4234 2500 4301 ge-

290 4326 568 4391 neribus·
656 4326 848 4411 Atqui
907 4324 1255 4412 astrologia
1309 4322 1747 4386 mathematica
1807 4331 1905 4385 est
1961 4318 2321 4406 disciplina,
2378 4318 2502 4400 μία

288 4426 540 4495 τούτων
577 4431 726 4506 ῠ16,
773 4432 813 4493 i.
846 4449 900 4495 e.
946 4431 1077 4494 τῶν
1119 4428 1614 4513 μαθηματικῶν
1657 4426 2045 4507 ἐπιστημῶν.
2118 4424 2295 4510 Ergo
2336 4439 2501 4506 quae

287 4534 437 4599 huie
480 4536 787 4599 scientiae
831 4532 1116 4598 subiecta
1161 4542 1311 4600 sunt
1351 4532 1592 4618 pariter
1636 4537 1824 4594 erunt
1864 4525 2104 4603 media,
2164 4545 2241 4590 ac
2296 4523 2505 4588 lineae

1990 4631 2096 4684 10·
