3109 5175
1177 371 1255 440 Z
1293 367 1362 443 3.
1446 365 1635 443 1029
1649 391 1716 441 a.
2395 365 2535 442 301

337 553 514 609 aeta
557 538 677 625 (τὸ
721 547 795 608 ἐκ
834 536 1113 622 τούτων,
1158 537 1235 609 τὸ
1280 539 1564 610 σύνολον
1604 546 1739 625 εὖ)
1782 541 1969 609 simul
2013 552 2079 609 et
2118 541 2385 607 formam
2427 563 2544 608 no·

337 651 535 712 minat
580 658 645 712 et
686 648 1029 712 materiam.
1107 648 1193 711 Et
1233 646 1403 712 illam
1448 647 1702 734 quidem
1744 650 1850 733 qui
1889 649 2094 734 possit
2130 647 2254 711 huc
2285 646 2544 725 referre,

335 751 500 816 infra
549 749 821 837 explicat
858 750 1021 815 023:
1067 742 1151 814 τὰ
1191 751 1311 833 μὲν
1353 742 1482 838 γὰρ
1528 746 1702 816 ἄλλα
1740 753 1859 829 τῆς
1897 746 2129 826 οὐσίας
2159 758 2542 836 κατηγορεῖ-

335 875 462 931 ται,
506 849 675 933 αὕτη
720 853 790 919 δὲ
831 853 953 931 τῆς
994 847 1170 932 ὕλης,
1217 853 1478 918 formam
1523 865 1732 919 autem
1773 876 1894 939 qua
1931 857 2184 919 ratione
2219 854 2423 939 possit
2458 850 2543 917 ad

335 953 762 1040 ὑποκείμενον
804 955 1074 1036 referre,
1135 955 1426 1043 equidem
1473 978 1606 1023 non
1651 977 1988 1042 assequor,
2044 955 2160 1021 sed
2217 976 2348 1020 nou
2394 976 2540 1041 pos-

337 1080 474 1125 sum
520 1061 673 1144 quin
718 1058 1172 1147 negligentiam
1219 1059 1529 1146 quandam
1577 1058 1929 1126 disserendi
1972 1064 2039 1124 iu
2085 1080 2168 1124 eo
2216 1061 2390 1123 cerni
2429 1080 2545 1144 pu-

335 1171 493 1239 tem,
552 1160 728 1247 quod
786 1183 927 1227 cum
983 1167 1245 1228 materia
1289 1173 1355 1228 et
1395 1187 1466 1229 re
1513 1173 1815 1229 concreta
1859 1160 2045 1228 simul
2087 1165 2336 1226 tertium
2380 1160 2542 1227 illud

335 1264 572 1342 attulit,
617 1263 790 1350 quod
835 1265 1206 1353 pierumque
1252 1289 1393 1333 cum
1438 1271 1515 1334 iis
1564 1268 1987 1354 coniungitur,
2040 1264 2294 1345 oblitus,
2338 1277 2410 1331 ut
2452 1269 2542 1330 vi-

335 1367 540 1445 detur,
585 1388 656 1433 se
702 1389 894 1456 agere
940 1369 1022 1435 de
1063 1367 1478 1455 ὑποκειμένῳ.
1552 1372 1639 1435 Et
1680 1373 1821 1455 ipse
1865 1366 2117 1455 quidem
2163 1367 2541 1435 Aristoteles

335 1482 401 1538 et
443 1475 511 1536 in
554 1471 681 1536 hoc
722 1470 892 1536 libro
934 1472 1216 1548 formam,
1261 1467 1338 1539 τὸ
1379 1468 1567 1551 εἶδος,
1612 1474 1921 1559 perquirit
1950 1492 2084 1536 uon
2117 1471 2228 1537 ubi
2263 1471 2344 1537 de
2378 1469 2541 1537 ὑπο-

333 1577 604 1660 κειμένῳ
645 1572 760 1639 sed
806 1574 918 1640 ubi
964 1573 1045 1641 de
1089 1579 1182 1659 τῷ
1231 1577 1297 1640 τί
1339 1564 1425 1655 ἦν
1465 1571 1636 1641 εἶναι
1681 1575 1990 1663 disputat,
2048 1585 2114 1640 et
2156 1575 2338 1654 alibi,
2381 1579 2436 1641 A
2478 1576 2540 1654 8,

332 1682 502 1765 ipsas
559 1677 671 1742 has
730 1676 890 1741 duas
945 1679 1448 1767 significationes
1490 1678 1882 1746 substantiae
1924 1681 2092 1743 inter
2134 1700 2205 1743 se
2251 1681 2541 1765 opponit,

334 1792 407 1847 ut
448 1780 557 1845 vel
598 1784 681 1846 sit
721 1776 1147 1865 ὑποκείμενον
1190 1784 1467 1866 ἔσχατον
1509 1781 1620 1847 vel
1661 1778 1811 1848 τόδε
1855 1805 1919 1848 τι
1959 1783 2073 1846 καὶ
2109 1776 2454 1866 χωριστόν.

467 1885 597 1949 Iam
644 1884 726 1949 de
769 1889 1027 1949 materia
1073 1888 1160 1950 ita
1207 1884 1514 1972 disputat,
1569 1896 1640 1951 ut
1699 1908 1773 1949 ea
1832 1895 1897 1952 et
1938 1884 2229 1950 videatur
2271 1889 2539 1972 primum

336 2010 411 2053 ac
464 1991 860 2075 potissimum
919 1988 1310 2054 substantiae
1368 2009 1605 2054 nomen
1661 1987 1782 2054 sibi
1836 1987 2162 2052 vindicare
2209 1999 2273 2053 et
2318 1987 2538 2053 eadem

333 2092 460 2157 hoc
504 2095 763 2157 nomine
807 2092 1071 2181 indigna
1119 2114 1258 2157 esse
1302 2092 1421 2173 (cf.
1469 2093 1662 2177 Phys.
1707 2093 1737 2156 1
1784 2093 1843 2156 7.
1895 2093 2057 2156 1910
2099 2093 2210 2156 19:
2260 2087 2541 2177 πότερον

333 2196 405 2261 δὲ
450 2192 644 2262 οὐσία
687 2189 764 2260 τὸ
811 2193 982 2271 εἶδος
1024 2190 1070 2275 ἢ
1111 2189 1189 2262 τὸ
1232 2193 1675 2279 ὑποκείμενον,
1720 2189 1900 2261 οὔπω
1946 2195 2212 2276 δῆλον),
2256 2215 2408 2259 usus
2447 2196 2541 2258 ni·

333 2300 556 2364 mirum
603 2296 850 2364 duabus
892 2298 1037 2377 illis,
1084 2321 1240 2386 quas
1284 2298 1482 2365 modo
1520 2302 2025 2376 commemoravi,
2066 2301 2257 2379 notis,
2303 2321 2377 2364 ex
2407 2301 2541 2385 qui-

333 2402 452 2468 bus
496 2400 849 2468 substantia
893 2416 1337 2492 cognoscatur.
1429 2405 1703 2469 Primum
1764 2405 1929 2468 euim
1982 2423 2119 2467 eam
2163 2405 2355 2467 sumit
2399 2422 2539 2468 esse

334 2506 725 2571 substantiae
782 2517 1096 2589 naturam,
1154 2518 1226 2573 ut
1281 2529 1416 2574 non
1461 2506 1544 2572 de
1591 2505 1719 2572 alio
1765 2510 2062 2594 quopiam
2108 2505 2537 2595 praedicenti-3

336 2632 412 2676 ex
458 2632 534 2676 ea
580 2612 869 2691 conficit,
926 2623 998 2678 ut
1051 2617 1350 2678 materiae
1401 2633 1593 2700 quum
1639 2613 1903 2676 maxime
1946 2610 2282 2676 tribuenda
2322 2609 2541 2676 videa-

334 2726 437 2781 tur
479 2713 869 2782 substantiae
916 2717 1210 2806 dignitas.
1296 2718 1551 2781 Etenim
1609 2714 1852 2801 reliqua
1909 2716 2148 2794 omnia,
2203 2711 2538 2800 qualitates

333 2822 716 2907 quantitates
754 2821 1130 2885 affectiones
1170 2819 1294 2884 alia
1331 2818 1395 2883 id
1433 2841 1654 2907 genus,
1699 2818 2047 2883 subiectum
2089 2816 2410 2904 quidpiam
2440 2839 2540 2883 re-

333 2926 603 3010 quirunt,
648 2922 822 3009 quod
867 2923 1178 2989 definiant
1223 2932 1288 2987 et
1331 2924 1431 2987 cui
1469 2921 1870 2998 inhaereant3
1913 2924 2172 2986 materia
2208 2924 2346 3007 ipsa
2377 2919 2539 2985 illud

335 3037 434 3093 est
475 3025 844 3107 subiectum,
890 3027 1151 3093 cuilibet
1192 3026 1435 3091 formae
1468 3024 1876 3114 recipiendae
1908 3027 2152 3111 pariter
2182 3036 2348 3111 apta.
2417 3024 2541 3089 Ita-

333 3151 460 3218 que
487 3120 801 3217 'quoniam
847 3142 944 3197 est
987 3129 1063 3197 τὸ
1106 3128 1532 3214 ὑποκείμενον
1580 3131 1888 3215 ἔσχατον,
1946 3130 2307 3193 necessario
2364 3126 2540 3192 vide-

334 3245 438 3300 tur
482 3256 604 3322 pro
649 3235 999 3301 substantia
1045 3230 1337 3299 habenda
1383 3253 1544 3298 esse.
1631 3228 1987 3299 Ἀδύνατον
2032 3232 2120 3312 δέ,
2162 3234 2318 3297 027.
2405 3232 2540 3297 Iam
2606 3284 2614 3291 .

333 3338 596 3405 alteram
641 3337 937 3403 adsciscit
979 3337 1371 3403 substantiae
1414 3347 1662 3411 uotam3
1720 3346 1980 3421 oportet
2037 3338 2204 3400 enim
2248 3335 2540 3401 substan-

334 3446 483 3509 tiam
530 3464 672 3508 esse
714 3439 1133 3530 separabilem
1179 3462 1256 3504 ac
1297 3437 1622 3504 definitam
1668 3433 1786 3518 (τὸ
1832 3434 1981 3503 τόδε
2025 3461 2086 3504 τι
2130 3440 2284 3516 028,
2331 3438 2409 3503 cf.
2454 3435 2538 3502 ad

333 3549 388 3614 A
430 3549 493 3614 8.
543 3550 745 3613 10170
781 3547 938 3625 25);
984 3547 1240 3609 materia
1286 3563 1442 3607 vero
1487 3563 1697 3628 neque
1742 3552 2070 3628 separatur
2114 3561 2386 3627 unquam
2431 3538 2541 3605 vel

332 3673 451 3739 per
493 3672 563 3716 se
607 3661 821 3738 potest
864 3651 1164 3737 cogitari,
1219 3668 1339 3713 nec
1383 3645 1647 3712 definita
1691 3655 1820 3725 est,
1863 3644 1978 3710 sed
2022 3654 2298 3732 potest
2343 3642 2541 3730 quaii-

330 3755 443 3821 bet
483 3755 689 3821 forma
734 3753 1005 3820 definiri.
1096 3752 1368 3818 Materia
1422 3753 1621 3838 igitur
1669 3770 1804 3815 non
1850 3758 1946 3814 est
1986 3749 2365 3824 substantia,
2422 3744 2540 3811 sed

332 3881 414 3925 eo
461 3861 676 3945 potius
719 3855 1159 3924 inclinabimus
1205 3865 1274 3921 ut
1317 3855 1599 3932 formam,
1646 3855 1749 3919 cui
1790 3851 1941 3917 illae
1973 3855 2204 3929 insunt,
2249 3871 2406 3939 quas
2442 3871 2541 3915 re-

332 3964 718 4049 quisivimus,
762 3965 1047 4040 virtutes,
1090 3959 1501 4026 substantiam
1542 3980 1685 4024 esse
1720 3967 2083 4023 statuamus.
2149 3954 2309 4022 lude
2339 3966 2541 4021 trans-

330 4068 456 4133 itus
501 4077 762 4153 paratur
803 4065 884 4133 ad
928 4064 1438 4152 investigandum
1485 4061 1657 4141 εἶδος
1700 4072 1767 4128 et
1799 4055 1877 4129 τὸ
1916 4062 1981 4127 τί
2015 4050 2101 4142 ἦν
2133 4056 2318 4140 εἶναι,
2364 4055 2540 4145 quod

330 4173 620 4258 proximo
666 4173 875 4259 capite
919 4178 1216 4235 excutere
1259 4171 1541 4257 suscipit.

467 4276 745 4341 102925
791 4269 991 4341 ὥστε
1038 4276 1108 4338 sl
1147 4265 1240 4338 τὸ
1285 4267 1503 4350 εἶδος
1547 4271 1689 4353 τῆς
1730 4267 1927 4351 ὕλης
1960 4263 2367 4358 πρότερον
2403 4265 2541 4331 καὶ

328 4378 650 4462 μᾶλλον
695 4372 806 4445 ὅν.
873 4375 1073 4463 Quod
1111 4376 1376 4442 formam
1413 4380 1691 4463 priorem
1731 4376 1885 4441 dicit
1921 4395 2062 4440 esse
2096 4373 2373 4450 materia,
2417 4372 2541 4433 iam

330 4480 594 4549 alteram
626 4482 1016 4549 substantiae
1054 4491 1288 4561 notam,
1332 4491 1404 4546 ut
1445 4484 1529 4546 sit
1572 4474 1725 4546 τόδε
1768 4502 1831 4544 τι
1872 4479 1983 4544 καὶ
2023 4469 2348 4564 χωριστόν
2382 4472 2539 4550 ⁸28,
