3109 5175
2425 371 2515 445 17

310 548 402 610 cit
445 548 785 611 universae
825 544 1274 631 philosophiae
1317 546 1725 624 theoreticae,
1770 544 1965 612 modo
2008 547 2090 612 ab
2133 548 2285 627 hoc,
2330 569 2516 634 quem

309 670 491 713 nunc
516 648 782 728 obtinet,
820 649 970 713 loco
1001 669 1133 713 non
1171 646 1444 713 alienum
1482 671 1622 715 esse
1663 648 1914 727 iudicat,
1959 650 2038 714 cf.
2064 674 2128 737 p.
2160 653 2304 730 100,
2332 654 2415 716 12
2435 689 2514 704 —-·

312 755 463 831 101,
503 755 607 817 10.
655 754 802 826 102,
834 752 941 817 23.
990 755 1134 831 1⁰5,
1170 754 1277 817 28.
1327 755 1471 831 127,
1507 755 1572 818 3.
1661 754 1737 818 Iu
1783 761 1956 818 tauta
2000 769 2282 822 veterum
2326 758 2519 820 iuter-

307 868 565 943 pretum
607 853 1007 920 dubitatione
1050 856 1200 941 quid
1245 860 1454 944 possit
1495 855 1920 944 probabiliter
1956 857 2038 922 de
2072 856 2239 923 libro
2275 884 2321 922 α
2358 857 2518 923 iudi-

308 963 462 1038 cari,
502 980 636 1024 non
678 956 937 1024 aliunde
978 959 1233 1025 videtur
1272 962 1393 1027 nisi
1439 981 1511 1025 ex
1557 964 1698 1047 ipso
1735 960 1902 1026 libro
1937 962 2284 1048 petendum
2316 984 2473 1027 esse.

446 1062 644 1127 Liber
685 1086 731 1125 α
775 1061 977 1127 tribus
1023 1074 1274 1129 constat
1316 1063 1649 1150 capitibus.
1724 1065 1936 1129 Primo
1984 1068 2188 1152 capite
2233 1068 2518 1131 veritatis

310 1168 646 1253 inquisitio
692 1164 1015 1252 quomodo
1062 1167 1168 1232 vel
1214 1167 1490 1232 difficilis
1534 1165 1643 1232 vel
1688 1167 1890 1233 facilis
1923 1167 2260 1234 iudicanda
2297 1172 2383 1235 sit
2415 1189 2521 1234 ex·-

310 1273 605 1359 ponitur3
649 1273 994 1349 veritatem,
1039 1272 1107 1336 in
1145 1293 1267 1357 qua
1298 1266 1750 1359 cognoscehda
1777 1283 2070 1337 versetur
2095 1271 2519 1360 philosophia,

314 1376 492 1441 cerni
539 1375 931 1460 potissimum
978 1378 1044 1438 in
1088 1378 1342 1440 summis
1389 1396 1598 1440 rerum
1642 1378 1987 1462 principiis.
2053 1375 2274 1442 Altero
2313 1381 2519 1463 capite

314 1500 459 1544 esse
504 1480 767 1543 omniuo
812 1480 1119 1565 principia
1164 1477 1500 1564 quaedam,
1551 1499 1762 1565 neque
1805 1500 2134 1545 causarum
2180 1483 2407 1545 seriem
2451 1483 2520 1546 in

312 1582 633 1649 infinitum
688 1602 887 1667 posse
945 1582 1122 1647 abire
1166 1586 1440 1669 scriptor
1482 1581 1882 1672 comprobat.
1951 1583 2197 1668 *Tertio
2242 1581 2521 1668 denique

316 1690 526 1772 capite
571 1706 755 1772 quam
791 1685 1066 1751 docendi
1104 1684 1533 1752 diversitatem
1568 1685 1674 1751 vel
1708 1686 2111 1753 consuetudo
2149 1686 2521 1752 discentium

315 1791 425 1855 vel
466 1793 607 1876 ipsa
647 1793 742 1855 rei
781 1800 1008 1855 natura
1045 1792 1260 1877 exig-at
1291 1793 1681 1880 perstringit.
1714 1827 1795 1844 -
1842 1791 2022 1857 Haec
2063 1794 2269 1877 capita
2312 1803 2519 1857 utrum

318 1893 602 1959 eiusdem
659 1898 789 1958 sint
843 1879 1288 1986 disputationis
1344 1906 1587 1981 partes,
1649 1915 1729 1959 an
1774 1894 2289 1960 commentariola
2334 1917 2524 1981 quae-

318 1998 464 2063 dam
524 2009 757 2063 temere
817 2007 883 2062 et
938 1998 1208 2063 fortuito
1254 1997 1723 2087 conglutinata,
1779 1999 1918 2063 iure
1966 2008 2183 2084 potest
2224 1996 2518 2064 dubitari.

323 2104 572 2168 Etenim
615 2104 823 2187 primo
869 2100 1121 2187 quidem
1168 2123 1306 2167 eum
1354 2103 1566 2188 capite
1608 2099 1872 2166 alterum
1907 2110 2125 2187 potest
2155 2111 2332 2166 certe
2364 2121 2524 2188 quo-

321 2204 662 2272 dammodo
709 2206 1052 2286 conciliari,
1093 2204 1403 2292 siquidem
1448 2204 1569 2271 sub
1613 2204 1806 2269 finem
1852 2206 2040 2293 primi
2083 2208 2306 2292 capitis
2353 2210 2522 2291 priu-

320 2312 483 2396 cipia
528 2331 737 2375 rerum
781 2320 1179 2375 aeternarum
1226 2312 1548 2375 verissima
1608 2310 1887 2374 omnium
1933 2330 2075 2375 esse
2120 2308 2293 2389 dicit,
2353 2312 2523 2376 993⁶

276 2496 292 2506 ο
316 2414 435 2479 28:
477 2407 581 2478 διὸ
624 2405 746 2488 τὰς
788 2413 917 2479 τῶν
961 2407 1067 2477 ἀεὶ
1111 2407 1321 2478 ὄντων
1364 2407 1575 2500 ἀρχὰς
1615 2409 1983 2497 ἀναγκαῖον
2015 2409 2122 2478 ἀεὶ
2157 2407 2329 2478 εἶναι
2359 2411 2525 2493 ἀλη-

319 2511 688 2596 θεστάτας,
746 2527 812 2581 et
865 2515 1073 2581 altero
1130 2520 1334 2604 capite
1391 2515 1475 2581 de
1530 2520 1697 2582 serie
1749 2538 2073 2582 causarum
2124 2516 2232 2580 vel
2275 2516 2523 2582 infinita

320 2620 428 2685 vel
469 2620 651 2686 finita
698 2620 1117 2706 disceptatum
1175 2643 1544 2708 quamquam
1601 2632 1794 2688 tenue
1852 2618 2191 2686 admodum
2251 2632 2317 2685 et
2362 2620 2524 2687 exile

321 2724 450 2788 hoc
493 2735 590 2789 est
631 2728 1081 2790 sententiarum
1121 2725 1465 2790 vinculum.
1542 2727 1828 2791 Tertium
1873 2735 2082 2790 autem
2117 2733 2309 2810 caput
2342 2724 2523 2790 nullo

319 2827 520 2893 modo
566 2849 707 2892 eum
752 2830 1190 2914 superioribus
1236 2828 1553 2908 cohaeret,
1597 2838 1665 2893 et
1701 2849 2081 2916 quocunque
2116 2848 2365 2914 ponere
2394 2828 2525 2914 pla-

323 2933 526 2997 cuerit
568 2930 747 3011 loco,
802 2936 1042 3019 pariter
1092 2943 1240 3020 apte
1283 2932 1603 2998 videbitur
1643 2935 1919 3017 positum
1966 2953 2126 2997 esse.
2214 2931 2344 2997 Sed
2390 2936 2526 2997 sive

325 3035 483 3099 haec
523 3056 650 3099 una
695 3032 793 3100 est
835 3047 903 3101 et
945 3041 1247 3103 continua
1292 3036 1659 3124 disputatio,
1702 3039 1837 3100 sive
1878 3037 2095 3122 potius
2136 3038 2254 3099 tria
2294 3035 2528 3101 disiun—

324 3148 428 3202 cta
472 3141 638 3203 inter
681 3160 753 3204 se
798 3139 1331 3220 commentariola,
1376 3163 1517 3205 cum
1563 3141 1993 3227 metaphysica
2030 3150 2203 3204 certe
2237 3139 2528 3205 doctrina

323 3242 485 3308 nihil
538 3242 776 3308 habent
828 3264 1190 3321 eommune;
1248 3244 1578 3331 multoque
1635 3246 1820 3309 etiam
1871 3247 2078 3308 miuus
2123 3246 2290 3309 inter
2332 3245 2530 3309 histo·

324 3351 481 3411 riam
526 3350 874 3433 superioris
918 3347 1371 3434 philosophiae.
1409 3359 1473 3413 et
1517 3347 1908 3413 dialecticam
1959 3347 2528 3433 metaphysicarum

326 3454 765 3537 quaestionum
812 3451 1337 3538 disceptationem
1381 3454 1754 3539 interposita
1802 3452 1959 3515 haec
2002 3449 2107 3514 vel
2143 3449 2226 3514 de
2263 3454 2529 3516 veritate

322 3553 430 3618 vel
489 3552 571 3619 de
617 3577 939 3620 causarum
985 3556 1166 3621 finita
1212 3559 1378 3620 serie
1420 3555 1525 3620 vel
1571 3556 1653 3621 de
1697 3553 1974 3621 docendi
2023 3556 2271 3618 ratione
2317 3553 2531 3639 dispu-

327 3661 487 3723 tatio
534 3658 687 3724 ferri
731 3663 994 3725 omuino
1038 3670 1275 3746 potest.
1364 3658 1538 3744 Quid
1587 3657 1760 3745 quod
1807 3660 2096 3722 extremis
2142 3659 2362 3742 capitis
2408 3666 2530 3720 ter-

326 3765 401 3826 tii
458 3763 668 3827 verbis
724 3764 1059 3829 manifesto
1116 3763 1197 3829 ad
1243 3763 1568 3850 physicam
1614 3761 2007 3849 disciplinam
2053 3763 2381 3826 transiture
2426 3755 2529 3825 διὸ

327 3870 641 3931 σκεπτέον
682 3869 944 3950 πρῶτον
985 3869 1051 3931 τί
1094 3872 1272 3933 ἐστιν
1318 3862 1362 3947 ἡ
1409 3863 1633 3955 φύσις·
1692 3862 1861 3934 οὕτω
1912 3860 2041 3951 γὰρ
2084 3867 2198 3930 καὶ
2239 3865 2388 3949 περὶ
2431 3864 2531 3928 τέ-

325 3990 460 4033 νων
486 3965 530 4048 ἡ
561 3964 805 4059 φυσικὴ
836 3970 1041 4050 δῆλον
1069 3972 1269 4050 ἔσται,
1299 3970 1526 4056 quibus
1552 3992 1714 4056 quae
1736 3967 1937 4056 vulgo
1965 3967 2285 4033 adduntur
2306 3964 2530 4030 verba:

327 4073 443 4137 καὶ
486 4076 543 4137 sl
581 4073 741 4157 μιᾶς
782 4070 1142 4158 ἐπιστήμης
1182 4067 1228 4155 ἢ
1270 4068 1591 4141 πλειόνων
1641 4069 1731 4138 τὰ
1781 4069 1961 4141 αἴτια
2004 4073 2115 4137 καὶ
2157 4065 2280 4146 τὰς
2322 4064 2532 4154 ἀρχὰς

328 4175 682 4260 θεωρῆσαί
714 4181 906 4255 ἐστιν,
952 4200 1027 4243 ea
1075 4182 1305 4245 eiicere
1350 4200 1386 4244 e
1433 4186 1609 4242 textu
1645 4174 1985 4240 Alexandri
2030 4175 2405 4240 auctoritate
2438 4175 2534 4237 iu·

329 4277 572 4344 bemur.
622 4318 703 4333 -
765 4282 821 4345 Ε
865 4282 1324 4369 Metaphysicis
1380 4284 1578 4369 igitur
1634 4284 1785 4366 quin
1841 4283 1924 4344 sit
1979 4275 2404 4343 removendus
2461 4273 2535 4340 li-

328 4381 453 4447 ber
494 4407 570 4462 α,
624 4387 728 4448 vix
772 4384 1033 4450 dubium
1078 4396 1295 4472 potest
1334 4384 1570 4460 videri3
1616 4382 1697 4449 ab
1741 4382 2088 4448 Aristotele
2127 4392 2338 4446 autem
2381 4400 2531 4444 num

327 4488 415 4552 sit
457 4485 915 4554 abiudieandus
956 4510 1041 4557 au
1079 4490 1257 4575 quasi
1283 4493 1351 4554 iu
1383 4486 1805 4555 miscellaneis
1839 4488 1975 4554 eius
2003 4483 2238 4551 libellis
2265 4494 2334 4549 et
2365 4502 2534 4547 com-

418 4592 622 4645 Aflm„
645 4595 862 4666 metaph.
887 4595 968 4649 ea.
991 4594 1174 4649 sonia
1195 4595 1310 4650 vol.
1334 4597 1398 4649 Π.
2095 4593 2131 4646 2
