3109 5175
459 416 468 429 ,
516 342 566 415 6

515 509 601 584 τὰ
654 514 886 601 πρῶτα
927 516 1041 580 καὶ
1082 509 1459 582 tsi-satiram
1502 509 1796 600 μάλιστα
1836 509 1924 581 τὰ
1973 508 2137 580 ὄντα
2181 513 2378 593 θεῖα,
2434 514 2583 601 περὶ
2625 503 2717 584 ὧν

516 621 823 687 ἐνταῦθα
864 621 1128 706 θεωρεῖ.

648 724 828 789 Haec
882 726 938 789 si
979 744 1136 788 vere
1184 721 1505 810 disputata
1544 734 1700 790 sunt
1741 721 1824 788 de
1867 723 2284 808 inscriptione
2325 721 2722 809 Metaphysi-

520 848 767 906 corum,
810 830 1031 894 mirum
1079 847 1214 892 non
1250 836 1383 905 est,
1427 824 1602 911 quod
1646 829 1711 890 in
1755 825 1965 892 indice
2010 825 2319 890 librorum
2363 824 2724 892 Aristoteli-

521 952 739 996 corum
796 952 834 995 a
887 932 1190 1020 Diogene
1234 931 1492 995 Laertio
1537 930 1621 1007 V,
1670 931 1757 995 22
1803 951 1939 1016 sqq.
1998 928 2231 994 tradito
2277 928 2722 1015 Metaphysica

519 1056 655 1100 non
701 1043 1303 1112 commemorantur,
1351 1052 1566 1118 neque
1607 1032 1676 1099 id
1722 1032 1806 1098 ad
1849 1031 2331 1100 deminuendam
2377 1033 2605 1100 horum
2648 1032 2725 1097 li-

518 1137 778 1204 brorum
820 1136 1014 1203 fidem
1060 1136 1395 1224 quidquam
1440 1135 1712 1216 valeret,
1772 1138 2017 1201 etiamsi
2073 1139 2275 1204 maior
2323 1147 2493 1202 esset
2535 1137 2723 1202 huius

520 1245 850 1329 scriptoris
892 1245 1268 1316 auctoritas;
1327 1241 1938 1328 etenim'Diogenes
1990 1262 2184 1326 quum
2225 1240 2497 1306 indicem
2541 1262 2723 1305 suum

523 1366 599 1410 ex
655 1344 795 1409 aliis
849 1345 1165 1410 indicibus
1219 1345 1371 1409 satis
1426 1343 1839 1432 negligenter
1894 1344 2351 1423 conscriberet,
2406 1342 2550 1409 fieri
2608 1364 2726 1429 po·

522 1451 643 1514 tuit
687 1458 758 1513 ut
800 1469 915 1514 eos
960 1447 1317 1528 adhiberet,
1373 1452 1480 1534 qui
1525 1448 1803 1513 confecti
1847 1457 2089 1526 essent,
2144 1458 2476 1533 antequam
2522 1449 2728 1512 Meta-

520 1551 936 1638 physicorum
982 1573 1216 1618 nomen
1262 1574 1382 1617 usu
1424 1550 1813 1643 invaluisset.
1900 1550 2061 1616 Inde
2106 1573 2245 1617 cum
2290 1572 2521 1640 magna
2562 1554 2731 1616 veri-

522 1658 668 1720 tatis
713 1659 928 1742 specie
972 1658 1281 1740 suspicari
1318 1658 1627 1742 quispiam
1657 1654 1961 1733 videatur,
2006 1654 2208 1719 libros
2238 1656 2726 1741 metaphysicos,

521 1762 577 1823 si
620 1759 875 1846 quidem
920 1761 1183 1847 genuini
1228 1771 1377 1823 sunt
1407 1758 1786 1839 AristoteliS,
1829 1757 1935 1821 vel
1972 1759 2259 1847 singulos
2303 1757 2406 1823 vel
2440 1757 2729 1843 quolibet

520 1863 717 1929 modo
762 1867 929 1929 inter
972 1885 1042 1926 se
1087 1864 1485 1941 coniunctos,
1529 1861 1729 1926 latere
1774 1860 1892 1927 sub
1939 1860 2078 1926 aliis
2122 1860 2322 1927 titulis
2367 1859 2537 1947 apud
2566 1862 2728 1927 Dio-

521 1988 749 2055 genem
794 1971 1078 2032 servatis·
1168 1965 1300 2034 Sed
1347 1987 1422 2031 ea
1467 1968 1838 2037 coniectura
1868 1964 2020 2030 licet
2049 1969 2340 2051 speciosa
2372 1968 2471 2042 sit,
2514 1985 2727 2052 neque

523 2068 604 2135 ab
646 2073 727 2135 iis
770 2075 937 2149 viriS,
982 2073 1090 2155 qui
1136 2091 1271 2134 eam
1317 2068 1742 2156 protulerunt,
1788 2071 1938 2134 satis
1972 2068 2243 2133 feliciter
2274 2078 2370 2132 est
2400 2067 2728 2154 explicata,

521 2195 732 2258 neque
777 2177 1040 2239 omnino
1084 2172 1347 2238 multum
1394 2193 1469 2238 ea
1513 2171 1769 2238 videtur
1797 2171 2028 2258 profici
2057 2193 2267 2258 posse.
2335 2174 2624 2257 Namque
2653 2170 2730 2236 li·

520 2276 677 2341 bros
720 2280 869 2361 περὶ
913 2278 1351 2366 φιλοσοφίας,
1403 2277 1553 2360 περὶ
1594 2272 1940 2358 τάγαθοῦ,
1982 2275 2133 2360 περὶ
2176 2276 2295 2353 τῆς
2338 2277 2533 2354 ἰδέας,
2578 2276 2728 2362 περὶ

523 2381 855 2459 ἐναντίων,
901 2402 1062 2466 quos
1093 2381 1351 2457 Potitus,
1394 2378 1620 2456 Buhle,
1667 2381 1870 2458 Titze,
1913 2377 2075 2443 alius
2119 2377 2257 2443 aliis
2288 2381 2352 2443 in
2384 2378 2561 2444 libris
2591 2379 2731 2443 Me-

523 2483 999 2569 taphysicorum
1060 2504 1411 2571 agnoscere
1461 2481 1585 2547 sibi
1630 2481 2039 2561 videbantur,
2097 2482 2407 2548 discretos
2450 2482 2646 2548 fuisse
2691 2504 2728 2546 a
2813 2565 2822 2574 ·

522 2587 1014 2675 Metaphysicis,
1066 2587 1437 2653 Brandisius
1492 2591 1854 2652 certissimis
1899 2585 2359 2653 demonstravit
2401 2608 2730 2675 argumen-

524 2694 605 2756 tis
648 2695 718 2756 in
759 2691 1053 2757 Diatribe
1099 2690 1181 2757 de
1225 2690 1491 2778 perditis
1538 2689 1898 2756 Aristotelis
1956 2690 2134 2755 libris
2193 2691 2277 2755 de
2332 2690 2494 2757 ideis
2539 2700 2604 2755 et
2647 2689 2730 2754 de

522 2794 703 2861 bono
750 2799 883 2860 sive
931 2795 1355 2883 philosophia,
1400 2816 1453 2859 a.
1488 2796 1662 2859 1823
1710 2793 1901 2858 edita.
1968 2794 2150 2859 Aliae
2196 2816 2352 2879 quas
2395 2795 2730 2883 Diogenes

524 2898 808 2985 prodidit
850 2901 1326 2986 inscriptioneS,
1384 2897 1585 2964 veluti
1627 2900 1778 2983 περὶ
1822 2899 2223 2980 ἐπιστημῶν,
2265 2896 2422 2982 ὑπὲρ
2468 2893 2733 2976 ἐπιστή-

522 3028 670 3086 μης,
711 3005 860 3087 περὶ
905 3001 1128 3087 ἀρχῆς,
1170 3005 1320 3086 περὶ
1364 3003 1567 3081 εἱδῶν,
1610 3002 1758 3088 περὶ
1793 3001 2016 3082 γενῶν,
2061 3012 2185 3066 tam
2222 3000 2348 3065 late
2379 3012 2614 3088 patent,
2660 3010 2734 3065 ut

526 3117 764 3171 temere
809 3107 1108 3171 hariolari
1167 3106 1487 3184 videatur,
1544 3106 1648 3190 qui
1704 3124 1846 3181 eOS,
1905 3104 2076 3189 quod
2123 3107 2369 3170 Petitus
2413 3114 2480 3169 et
2523 3101 2732 3169 Buhle

526 3211 833 3289 fecerunt,
881 3210 961 3274 ad
1009 3220 1219 3276 certos
1264 3209 1570 3295 quosdam
1599 3206 2188 3293 Metaphysicorum
2225 3208 2423 3275 libros
2455 3209 2734 3273 referen-

526 3313 647 3378 dos
696 3314 1116 3379 contenderit.
1209 3315 1355 3381 Una
1415 3314 1747 3398 inscriptio
1804 3312 1954 3393 περὶ
2011 3314 2141 3376 τῶν
2197 3313 2504 3395 ποσαχῶς
2547 3313 2734 3394 asyo-

524 3421 739 3499 μένων
785 3419 1023 3505 (Diog.
1070 3418 1279 3483 Laert.
1312 3419 1392 3494 V,
1437 3420 1524 3482 23
1569 3427 1637 3482 et
1672 3416 1994 3502 Anonym.
2031 3417 2332 3505 Menag.)
2378 3415 2460 3479 ad
2504 3415 2731 3480 librum

525 3522 578 3586 A
652 3522 1242 3608 Metaphysicorum
1310 3520 1416 3584 vel
1482 3531 1659 3585 certo
1727 3519 1836 3583 vel
1907 3519 2244 3583 admodum
2318 3518 2735 3605 probabiliter

527 3635 745 3709 potest
786 3626 1036 3702 referri,
1089 3635 1437 3712 propterea
1484 3625 1657 3711 quod
1704 3622 1874 3710 apud
1919 3624 2126 3707 ipsum
2171 3623 2576 3689 Aristotelem
2625 3621 2736 3686 ali-

525 3731 777 3812 quoties
834 3729 1003 3792 hunc
1058 3726 1285 3793 librum
1357 3727 1582 3793 eodem
1650 3731 1909 3792 nomine
1975 3725 2400 3813 significatum
2465 3725 2735 3813 legimus

528 3831 593 3895 E
632 3833 693 3895 4.
745 3833 953 3896 1028a
985 3834 1047 3897 4.
1108 3834 1169 3895 Ζ
1209 3835 1266 3897 1.
1320 3834 1525 3898 10280
1575 3834 1673 3897 ll.
1741 3831 1791 3895 I
1831 3832 1887 3893 1.
1936 3832 2144 3894 1052a
2190 3832 2293 3895 15.
2342 3830 2421 3894 cf.
2466 3830 2736 3895 Brandi-

527 3936 604 3998 sii
652 3933 920 3999 diatribe
964 3959 1026 4021 p.
1073 3939 1134 4000 2.
1182 3938 1242 4001 3.
1335 3934 1465 3999 Sed
1522 3939 1784 4001 omnino
1841 3931 2060 3999 titulos
2103 3956 2142 3996 a
2187 3934 2489 4021 Diogene
2547 3933 2738 3999 tradi-

529 4049 633 4102 tos
693 4041 749 4103 si
804 4037 912 4102 vel
969 4037 1456 4126 diligentissime
1510 4039 1808 4104 conferre
1861 4041 2320 4125 susceperimus
2382 4060 2521 4103 cum
2582 4040 2737 4123 ipsis

529 4140 710 4207 libris
770 4141 1247 4228 metaphysicis,
1316 4141 1471 4207 nihil
1536 4164 1929 4230 magnopere
1986 4141 2395 4229 proficiemus
2453 4141 2534 4207 ad
2593 4141 2737 4209 diri-

529 4244 792 4309 mendas
857 4268 962 4311 eas
1022 4248 1456 4332 quaestiones,
1525 4250 1591 4311 in
1651 4246 1880 4332 quibus
1938 4248 2389 4331 quummaxime
2448 4255 2546 4309 est
2597 4265 2738 4308 ver·

530 4347 814 4428 sandum,
861 4360 1067 4414 utrum
1114 4353 1373 4438 genuini
1419 4353 1548 4416 sint
1592 4349 1736 4413 libri
1781 4349 2192 4434 metaphysici
2240 4370 2462 4413 omnes
2515 4370 2737 4426 necne,

526 4474 672 4517 num
723 4474 840 4518 suo
890 4455 1016 4517 siut
1066 4452 1292 4517 ordine
1340 4452 1629 4539 dispositi
1676 4464 1741 4517 et
1785 4476 1979 4518 unum
2025 4452 2511 4538 absolutumque
2557 4451 2738 4516 disci-
