3109 5175
564 347 665 424 26

566 527 698 591 bris
741 525 1190 612 metaphysicis
1235 521 1563 611 aliquanto
1597 524 1853 613 long-ius
1890 524 2142 592 distant.
2209 524 2417 610 Quam
2454 529 2768 611 quaestio·

566 651 710 697 nem
754 641 1026 696 tractare
1070 630 1166 694 his
1212 627 1389 694 libris
1434 633 1788 717 susceperit
1824 629 2215 708 Aristoteles,
2259 633 2401 715 ipso
2436 633 2625 695 initio
2657 630 2772 694 de-

565 733 787 800 clarat:
832 733 1258 821 quaerendum
1295 731 1460 799 euim
1498 754 1640 797 esse
1675 733 1845 812 dicit,
1887 754 2036 798 num
2074 737 2157 798 sit
2190 747 2445 820 praeter
2482 734 2768 799 substan·

564 842 684 904 tias
741 836 1078 904 sensibiles
1135 838 1257 903 alia
1301 836 1641 904 immobilis
1686 849 1752 903 et
1801 845 2088 914 aeterna,
2148 848 2213 901 et
2252 840 2309 902 si
2354 841 2462 917 sit,
2517 838 2767 924 qualem

564 964 703 1007 eam
751 965 891 1008 esse
933 941 1335 1008 statuendum
1372 945 1483 1018 sit3
1527 940 1597 1006 id
1628 962 1757 1027 quo
1790 940 2159 1029 diligentius
2191 940 2585 1019 decernatur,
2625 943 2770 1028 per-

564 1045 916 1112 censendas
962 1066 1103 1112 esse
1148 1048 1545 1132 superiorum
1592 1045 2120 1132 philosophorum
2163 1044 2246 1110 de
2277 1045 2500 1110 eadem
2527 1068 2599 1110 re
2628 1065 2772 1109 sen-

565 1153 814 1216 tentias.
904 1151 1126 1236 ltaque
1169 1149 1644 1215 Platonicorum
1703 1152 2048 1235 praecipue
2108 1161 2173 1214 et
2218 1150 2768 1237 Pythagoreorum

567 1254 649 1320 de
693 1258 970 1319 numeris
1015 1275 1366 1344 eorpmque
1405 1257 1734 1341 principiis
1778 1252 2009 1339 placita
2053 1258 2456 1339 persequitur
2499 1265 2566 1319 et
2610 1276 2766 1340 quas

563 1362 629 1423 in
674 1359 1203 1445 reprehensiones
1245 1362 1574 1423 incurrant
1618 1359 1893 1443 exponit.
1970 1357 2125 1421 Nou
2155 1357 2238 1421 ad
2271 1357 2453 1423 aliam
2486 1357 2770 1445 philoso-

563 1462 754 1549 phiae
808 1472 1050 1549 partem
1110 1465 1228 1526 nisi
1288 1461 1368 1527 ad
1420 1462 1681 1548 primam
1729 1460 2191 1548 philosophiam
2237 1466 2561 1549 pertinere
2606 1483 2767 1547 qaae

564 1565 646 1631 de
691 1567 787 1631 his
832 1566 1023 1632 rebus
1069 1564 1487 1653 disputantur,
1531 1575 1602 1630 et
1646 1587 1732 1646 ex¹
1760 1569 1897 1652 ipsa
1932 1566 2025 1628 rei
2060 1575 2366 1630 tractatae
2400 1577 2625 1631 natura
2659 1586 2768 1630 eo·-

564 1674 896 1760 gnoscitur
927 1675 978 1735 si
1017 1670 1367 1735 contuleris
1402 1673 1644 1756 primae
1676 1669 2121 1755 philosophiae
2151 1668 2586 1735 definitionem
2619 1672 2686 1734 E
2712 1671 2766 1746 1,

566 1785 634 1840 et
675 1775 756 1840 ab
803 1773 1151 1841 Aristotele
1194 1772 1618 1862 significatur,
1678 1795 1867 1860 quum
1918 1771 2170 1860 quidem
2214 1774 2541 1861 physicam
2587 1773 2769 1837 disci-

564 1878 801 1966 plinam
848 1880 996 1946 hoio
1038 1875 1451 1965 disputationi
1498 1881 1777 1963 opponit
1813 1877 1900 1941 M
1927 1879 1983 1941 1.
2026 1879 2232 1942 lovea
2265 1881 2328 1943 9.
2405 1879 2488 1942 Et
2523 1876 2602 1941 ad
2643 1899 2770 1944 am·-

563 1981 832 2071 pliorem
891 1981 1142 2069 quidem
1201 1977 1371 2046 illam
1430 1978 1513 2046 de
1570 1984 1769 2067 prima
1822 1979 2229 2068 philosophia
2274 1980 2765 2068 disputationem

563 2088 636 2151 A
649 2121 735 2137 -
758 2087 817 2152 Θ
858 2088 978 2152 hos
1034 2090 1222 2152 etiam
1280 2085 1482 2150 libros
1539 2086 1781 2150 referre
1837 2084 2121 2150 voluisse
2166 2085 2570 2150 Aristotelem
2615 2084 2770 2150 iude

566 2188 941 2269 concludaS,
996 2189 1171 2277 quod
1218 2194 1623 2275 quaestiones
1668 2190 1834 2255 libro
1877 2188 1945 2254 B
1988 2192 2353 2277 propositas
2396 2193 2766 2255 nominatim

566 2297 827 2379 respicit
870 2296 955 2359 M
990 2296 1054 2358 2.
1104 2295 1312 2358 10760
1354 2295 1470 2357 39:
1528 2291 1780 2377 εἴρηται
1832 2295 1952 2378 μὲν
1997 2296 2108 2360 καὶ
2152 2299 2224 2358 ἐν
2265 2306 2405 2371 τοῖς
2448 2290 2766 2380 διαπορή·

563 2417 769 2481 μασιν
826 2391 931 2462 ὅτι
982 2392 1102 2462 δύο
1159 2393 1301 2479 ἅμα
1355 2390 1588 2483 στερεὰ
1645 2393 1811 2463 εἶναι
1867 2392 2199 2464 ἀδύνατον
2256 2397 2334 2462 cf.
2379 2397 2447 2463 Β
2489 2401 2551 2463 2.
2596 2400 2770 2463 9⁹8·

566 2503 828 2568 7-19.
907 2502 993 2566 M
1028 2501 1092 2565 2.
1142 2502 1344 2567 10761»
1381 2502 1496 2566 392
1542 2503 1636 2565 ἔτι
1679 2495 1845 2587 ὅπερ
1891 2502 2000 2566 καὶ
2045 2506 2117 2566 ἐν
2159 2511 2300 2578 τοῖς
2342 2498 2768 2590 ἀπορήμασιν

563 2601 951 2690 ἐπήλθομεν
981 2607 1118 2682 πῶς
1144 2606 1468 2690 ἐνδέχεται
1497 2602 1671 2672 λύειν
1702 2604 1781 2669 cf.
1813 2603 1877 2670 Β
1907 2607 1968 2669 2.
2001 2607 2162 2671 997ῠ
2194 2608 2276 2670 12
2295 2609 2494 2672 -34.
2555 2611 2641 2677 Μ
2661 2610 2766 2672 10.

567 2711 771 2775 10866
816 2712 927 2774 14:
985 2703 1024 2773 ὃ
1069 2709 1139 2774 δὲ
1182 2710 1295 2773 καὶ
1341 2718 1478 2784 τοῖς
1520 2709 1784 2792 λέγουσι
1824 2702 1945 2785 τὰς
1986 2709 2165 2786 ἰδέας
2220 2712 2344 2795 ἔχει
2401 2703 2547 2774 τινὰ
2596 2707 2766 2775 ἀπο-

565 2817 720 2899 ρίαν
764 2817 875 2879 καὶ
918 2821 1059 2889 τοῖς
1099 2807 1193 2896 μὴ
1237 2814 1523 2897 λέγουσι,
1567 2816 1679 2878 καὶ
1721 2808 1865 2877 κατ’
1901 2807 2113 2898 ἀρχὰς
2155 2818 2226 2878 ἐν
2267 2824 2407 2890 τοῖς
2449 2810 2768 2898 &momi-

563 2938 768 3002 μασιν
812 2918 1056 3002 ἐλέχθη
1102 2912 1440 3003 πρότερον,
1483 2918 1771 3000 λέγωμεν
1804 2919 1926 2982 νῦν
1963 2916 2041 2981 cf.
2071 2915 2141 2981 Β
2170 2920 2232 2980 6.
2267 2918 2476 2982 1003ae
2507 2920 2767 2996 6—17,

566 3044 642 3086 ac
684 3025 956 3086 vicissim
990 3022 1075 3086 H
1102 3024 1159 3086 l.
1206 3020 1405 3086 10:12⁶
1438 3022 1557 3085 22:
1600 3021 1748 3106 περὶ
1791 3021 1861 3084 δὲ
1908 3022 2035 3084 τῶν
2079 3021 2267 3085 ἰδεῶν
2309 3025 2420 3086 καὶ
2465 3024 2595 3087 τῶν
2636 3044 2767 3104 μα-

567 3127 959 3205 θηματικῶν
1001 3121 1275 3209 ὕστερον
1319 3128 1632 3190 σκεπτέον
1671 3126 2040 3210 promittere
2084 3123 2340 3189 videtur
2389 3127 2553 3190 hauc
2597 3146 2768 3190 com-

565 3231 1036 3294 mentationem.
1126 3229 1334 3314 Quem
1390 3239 1598 3294 autem
1658 3227 1867 3292 locum
1923 3231 1987 3292 in
2045 3230 2337 3292 universa
2395 3227 2768 3315 disciplinae

566 3335 943 3397 tractatione
1002 3333 1118 3397 hos
1177 3331 1379 3398 libros
1436 3332 1676 3397 habere
1725 3330 2034 3410 voluerit,
2091 3330 2356 3397 difficile
2405 3344 2506 3397 est
2550 3332 2768 3397 decer-

565 3456 740 3500 aere.
830 3436 990 3502 Post
1046 3435 1273 3502 librum
1327 3436 1396 3502 B
1453 3457 1567 3502 eos
1625 3435 1964 3523 ponendos
2025 3457 2166 3500 esse
2225 3457 2298 3499 ex
2355 3434 2515 3523 locis
2569 3435 2768 3501 modo

566 3540 774 3607 allatis
832 3545 1268 3631 cognoscitur3
1327 3544 1446 3605 iam
1504 3562 1664 3605 vero
1725 3538 1950 3605 librum
1993 3540 2062 3604 Β
2105 3543 2214 3625 qui
2257 3543 2578 3626 excipiunt
2621 3539 2766 3604 libri

565 3646 634 3710 Γ
625 3647 893 3712 ΕΖΗΘ
932 3652 1019 3711 ita
1064 3659 1213 3711 suot
1256 3644 1361 3710 vel
1406 3666 1518 3709 sua
1561 3655 1789 3709 natura
1835 3644 1940 3709 vel
1984 3665 2104 3731 per
2148 3647 2586 3708 auctoritatem
2621 3643 2766 3708 libri

565 3750 634 3815 K
681 3754 848 3814 iuter
890 3770 961 3813 se
1006 3752 1344 3827 coniuncti,
1388 3761 1460 3812 ut
1502 3769 1806 3833 nusquam
1854 3751 2135 3835 reperias
2181 3749 2291 3813 nbi
2333 3761 2487 3834 apte
2531 3750 2650 3813 hos
2695 3748 2768 3811 li·-

567 3853 724 3919 bros
760 3857 1148 3939 interponas.
1216 3852 1289 3916 lu
1333 3850 1465 3931 fine
1511 3863 1718 3917 autem
1765 3856 1960 3917 totius
1999 3855 2212 3939 operis
2249 3851 2591 3939 pouenidos
2629 3872 2768 3915 esse

566 3959 686 4023 hos
731 3956 931 4024 libros
973 3976 1183 4042 neque
1226 3977 1345 4041 per
1386 3976 1455 4019 se
1498 3968 1996 4023 consentaneum
2044 3968 2168 4034 est,
2225 3957 2532 4044 siquidem
2585 3976 2770 4020 enar-

567 4060 782 4127 randis
839 4072 905 4126 et
959 4059 1315 4125 iudicandis
1372 4060 1644 4124 aliorum
1699 4060 2228 4148 philosophorum
2277 4062 2525 4147 placitis
2571 4058 2766 4124 ordiri

567 4168 783 4251 potius
828 4186 1011 4251 quam
1059 4163 1443 4230 concludere
1490 4163 1982 4250 disputationem
2022 4165 2398 4231 Aristoteles
2431 4162 2621 4240 solet,
2659 4183 2770 4226 ne·

569 4290 693 4355 que
738 4291 813 4333 ex
858 4272 1011 4357 ipsis
1054 4268 1235 4334 libris
1270 4272 1422 4334 satis
1460 4279 1636 4333 certo
1676 4268 2014 4357 colligitur.
2088 4272 2391 4333 Nimirum
2431 4267 2768 4353 aliquoties

569 4394 686 4459 per
742 4372 862 4436 hos
920 4369 1120 4439 libros
1178 4392 1339 4459 quae
1398 4371 1547 4437 alibi
1609 4373 2036 4439 demonstrata
2095 4377 2225 4438 sint
2280 4377 2344 4437 iu
2405 4375 2767 4437 memoriam

569 4486 844 4557 revocat,
895 4476 1009 4543 sed
1058 4498 1131 4543 ea
1176 4478 1276 4544 vel
1326 4479 1660 4544 manifesto
1708 4484 2031 4566 pertinent
2075 4477 2156 4542 ad
2201 4477 2401 4545 libros
2443 4476 2771 4563 physicos,
2905 4540 2922 4548 -
