3109 5175
1142 358 1336 432 Aa.
1410 356 1639 433 9841».
2303 341 2488 435 '65

288 524 611 614 pedu-ator
641 527 1131 618 πρεσβύτατονς
1163 536 1265 599 cui
1300 537 1357 598 si
1391 537 1806 657 assumpseris
1838 535 2150 601 minorem
2183 528 2382 623 ὅρκος
2410 530 2492 604 τὰ

288 628 687 718 τιμιώτατον,
731 638 1018 724 sequitur
1063 647 1135 702 ut
1175 641 1260 702 sit
1302 632 1499 725 ὅρκος
1541 632 1620 702 τὸ
1662 632 2138 725 πρεσβύτατον.

411 739 646 803 98403
673 733 1031 805 Ἵππωνα
1065 732 1217 828 γὰρ
1255 779 1342 791 -
1374 744 1415 807 5
1447 741 1850 819 διανοίας.
1926 741 2293 829 Hipponem
2324 742 2493 809 Th·-

288 839 394 906 leti
435 840 756 906 subiunxit
801 843 1181 909 Aristoteles
1236 864 1372 909 non
1428 854 1502 911 ut
1557 855 1766 909 aetate
1822 843 1937 910 sed
1986 843 2238 932 placitis
2280 848 2492 933 proxi-

287 965 444 1008 mum
492 944 767 1010 Thaleti.
865 948 1114 1013 Vixisse
1162 952 1327 1013 enim
1374 949 1737 1035 Hipponem
1783 947 2042 1013 Periclis
2088 959 2296 1015 aetate
2343 959 2410 1015 et
2453 972 2491 1015 a

288 1045 552 1113 Cratino
600 1071 675 1114 ea
728 1049 1090 1130 comoedia,
1149 1073 1334 1138 quam
1379 1046 1754 1128 Πανόπταις
1805 1053 2154 1138 inscripsit,
2213 1051 2489 1118 derisum

288 1172 450 1229 esse,
503 1151 698 1217 docte
759 1164 825 1218 et
881 1156 1147 1241 copiose
1204 1154 1665 1221 demonstravit
1708 1154 1923 1244 Bergk
1969 1154 2152 1241 reliq.
2195 1154 2490 1226 comoed.

287 1258 411 1320 Att.
454 1279 517 1342 p.
558 1258 946 1323 164-181.
1037 1258 1420 1346 Principium
1480 1270 1689 1324 autem
1747 1279 1956 1324 rerum
2014 1260 2294 1324 omnium
2349 1279 2491 1324 esse

285 1362 526 1426 censuit
569 1360 885 1426 humidam
932 1372 1238 1442 naturam,
1283 1374 1349 1427 et
1393 1360 1456 1426 id
1501 1363 1845 1448 praecipue
1888 1364 2100 1450 egisse
2134 1361 2386 1428 videtur
2420 1372 2495 1428 ut

284 1464 608 1549 profectus
665 1463 746 1527 ab
800 1466 924 1531 hoc
966 1467 1286 1553 principio
1333 1486 1671 1552 corporum
1716 1465 2269 1551 membrorumque
2312 1476 2494 1531 natu-

282 1590 407 1632 ram
452 1579 518 1633 et
561 1568 863 1633 fabricam
911 1570 1271 1657 explicaret.
1360 1569 1508 1655 Qua
1567 1572 1634 1634 in
1678 1591 1748 1634 re
1793 1588 1983 1655 quum
2027 1590 2248 1655 parum
2295 1567 2494 1636 subti-

283 1670 422 1736 liter
463 1659 749 1737 versatus
796 1684 977 1753 esset,
1026 1673 1402 1740 Aristoteles
1447 1673 1645 1740 modo
1677 1682 1817 1750 τοῖς
1847 1675 2350 1760 φορτικωτέρας
2378 1694 2493 1761 φι-

242 1771 784 1866 Ιλου-όφοιςῑ-ιειιιιι
829 1776 1217 1857 adnumerat,
1264 1777 1345 1843 de
1390 1782 1575 1843 anim.
1616 1778 1647 1841 Ι
1692 1778 1755 1841 2.
1801 1777 1963 1842 4⁰51·
1994 1776 2055 1853 2,
2100 1773 2300 1840 modo
2343 1796 2494 1861 pro-

280 1889 417 1966 pter
460 1876 786 1945 εὐτέλειαν
822 1882 942 1960 τῆς
976 1881 1293 1959 διανοίας,
1339 1878 1668 1970 cogitandi
1698 1882 1986 1945 inertiam
2019 1888 2086 1942 et
2114 1876 2490 1956 socordiam,

282 2004 315 2046 a
357 1984 786 2048 severioribus
830 1983 1229 2071 philosophis
1271 1983 1732 2050 excludendum
1773 1981 1952 2058 dicim
1997 1980 2077 2045 ab
2118 1980 2492 2067 aequalibus

281 2105 430 2151 vero
488 2097 757 2172 propter
813 2090 947 2174 ipsa
1006 2089 1167 2154 haec
1206 2088 1444 2166 studia,
1503 2086 1821 2152 collocata
1864 2088 1931 2151 in
1977 2083 2349 2172 explicanda
2395 2105 2493 2149 re-

281 2211 413 2255 rum
457 2202 684 2256 natura
731 2203 798 2257 et
842 2195 1115 2281 origiue,
1157 2195 1497 2280 impietatis
1541 2191 1937 2256 insimulatus
1984 2199 2101 2254 est.
2149 2224 2232 2240 —-
2279 2190 2493 2253 Pauca

281 2291 361 2358 de
405 2315 487 2359 eo
535 2294 732 2384 habet
763 2295 1039 2362 Brandis
1064 2296 1301 2366 Gescb.
1332 2298 1379 2362 1.
1415 2319 1478 2382 p.
1514 2297 1906 2374 121—123,
1950 2293 2268 2360 uberrime
2304 2311 2495 2377 quae-

282 2418 529 2484 cunque
574 2398 655 2464 de
702 2403 783 2466 eo'
829 2400 1056 2467 tradita
1102 2403 1506 2487 reperiuntur
1549 2399 1817 2487 collegit
1858 2395 2080 2486 Bergk
2124 2395 2170 2463 l.
2215 2393 2258 2461 l.

406 2503 647 2589 98405
687 2501 1216 2592 Ἀναξιμένης
1260 2505 1340 2570 δὲ
1385 2540 1468 2556 -
1518 2506 1602 2570 11
1650 2499 1729 2580 ἐξ
1768 2497 1971 2578 ἑνός.
2041 2500 2136 2565 Ex
2171 2497 2501 2585 simplicis-

281 2608 451 2671 simis
487 2609 887 2695 corporibus,
926 2611 987 2675 b.
1021 2631 1076 2675 e.
1117 2633 1190 2676 ex
1230 2609 1578 2687 elementis,
1612 2627 1803 2693 quum
1837 2603 2072 2671 Thales
2110 2626 2333 2690 aquam
2365 2624 2490 2689 pro

280 2712 595 2798 principio
637 2715 983 2800 posuisset,
1039 2713 1149 2779 alii
1193 2712 1363 2779 aliud
1409 2709 1874 2799 praetulerunt,
1935 2731 2010 2775 ex
2056 2728 2186 2795 quo
2233 2708 2495 2794 potissi·

281 2835 444 2879 mum
491 2837 700 2881 rerum
747 2820 1025 2883 omnium
1071 2820 1381 2905 originem
1429 2824 1814 2900 repeterent.
1891 2813 2064 2893 (τῶν
2098 2809 2326 2877 ἁπλῶν
2369 2829 2499 2875 σω-

279 2912 509 3000 μάτων
542 2922 635 2984 06
679 2919 921 3006 pendet
964 2943 999 2986 a
1045 2942 1188 2986 voc.
1231 2916 1524 3005 μάλιστα
1568 2938 1795 3003 neque,
1839 2915 2016 3003 quod
2047 2913 2498 3002 Schweglerns

281 3023 813 3108 interpretatione
840 3024 1179 3090 vernacula
1214 3026 1538 3109 expressit,
1575 3042 1611 3086 a
1646 3023 1905 3086 nomine
1934 3013 2167 3104 ἀρχήν.
2239 3019 2495 3083 Etenim

281 3118 363 3189 τὰ
406 3122 595 3191 ἁπλᾶ
636 3123 917 3212 σώματα
958 3122 1108 3193 sunt
1154 3126 1466 3192 elementa
1513 3147 1740 3204 remm,
1783 3117 1867 3189 τὰ
1904 3130 2194 3208 στοιχεῖα
2227 3122 2290 3187 8.
2327 3121 2501 3186 988⁶

281 3230 383 3294 30.
431 3230 490 3295 Δ
519 3231 582 3295 8.
620 3231 822 3296 101Ἱό
848 3234 951 3297 10.
996 3233 1086 3297 Η
1117 3230 1421 3307 {donna
1445 3231 1507 3296 8.
1551 3229 1624 3295 K
1658 3231 1759 3293 10.
1799 3230 2003 3293 1067a
2032 3228 2068 3291 1
2118 3224 2267 3291 coll.
2303 3224 2499 3311 Phys.

281 3331 372 3397 111
402 3335 466 3399 5.
499 3334 661 3398 204⁶
684 3335 803 3412 33·
852 3356 926 3400 ex
970 3335 1067 3400 his
1106 3337 1307 3424 igitur
1343 3332 1585 3419 reliqua
1626 3334 1855 3411 omnia,
1899 3350 2035 3395 non
2064 3330 2223 3395 haec
2253 3350 2328 3394 ex
2362 3326 2502 3393 aliis

281 3434 450 3501 fiunt
493 3439 881 3524 principiis).
953 3439 1035 3503 Et
1068 3439 1485 3503 Anaximenes
1531 3435 1786 3522 quidem
1835 3456 1910 3498 ac
1938 3435 2292 3520 Diogenes,
2338 3452 2502 3518 quos

281 3539 548 3625 perinde
589 3550 780 3626 atque
824 3543 1189 3643 Hipponem
1238 3564 1377 3607 cum
1422 3538 1694 3605 Thalete
1742 3536 2122 3602 Aristoteles
2170 3537 2501 3601 coniunxit

280 3663 414 3708 non
460 3654 532 3709 ut
575 3655 785 3710 aetate
829 3666 1139 3732 suppares
1183 3644 1298 3713 sed
1344 3654 1616 3731 propter
1666 3638 2133 3707 similitudinem
2181 3635 2498 3723 quandam

282 3744 680 3833 placitorum,
724 3746 805 3813 ab
854 3771 1003 3813 aere
1043 3751 1257 3835 potius
1293 3768 1478 3833 quam
1511 3745 1591 3811 ab
1624 3768 1785 3832 aqua
1818 3766 2027 3810 rerum
2062 3744 2342 3806 omnium
2375 3743 2503 3805 ori·

284 3852 498 3936 ginem
528 3855 958 3937 repetierunt,-
982 3853 1062 3917 cf.
1094 3851 1366 3919 Brandis
1396 3850 1634 3917 Gesch.
1666 3849 1713 3914 1.
1745 3871 1809 3934 p.
1845 3850 1966 3913 141
2005 3867 2138 3931 sqq.
2171 3847 2303 3912 272
2333 3867 2506 3931 sqq.;

284 3953 613 4039 Hippasus·
649 3955 1131 4041 Metapontinus
1178 3966 1243 4021 et
1285 3953 1647 4019 Heraclitus
1702 3955 1914 4039 ignem
1958 3971 2169 4015 rerum
2216 3952 2500 4014 omnium

285 4059 662 4144 principium
711 4081 852 4124 esse
896 4058 1254 4126 voluerunt.
1335 4058 1439 4122 De
1472 4059 1781 4143 Hippaso,
1826 4057 1934 4141 qui
1962 4052 2322 4119 Heraclitea
2369 4051 2505 4138 pla-

287 4162 408 4224 cita
455 4184 593 4227 cum
626 4163 1051 4251 Pythagoreis
1096 4160 1348 4227 videtur
1391 4163 1878 4237 commiscuisse,
1921 4179 2143 4245 parum
2185 4157 2343 4221 certi
2385 4167 2511 4219 tra-

290 4262 481 4343 ditur,
542 4267 622 4332 cs.
683 4266 952 4332 Brandis
1010 4265 1051 4330 l.
1097 4264 1139 4329 l.
1186 4288 1250 4352 p.
1294 4267 1426 4331 509
1471 4286 1606 4350 sqq.
1696 4262 1916 4351 Bergk
1972 4261 2088 4327 rel.
2150 4280 2310 4324 com·-
2372 4257 2502 4323 Att.

291 4388 354 4451 p.
389 4370 515 4434 178
559 4391 651 4455 sq.
729 4370 1119 4436 Heraclitum
1165 4380 1371 4434 autem
1416 4368 1619 4455 longe
1663 4365 1788 4431 alia
1834 4369 2083 4431 ratione
2128 4366 2338 4452 ignem
2384 4381 2503 4446 po-

288 4473 487 4536 suisse
533 4495 654 4559 pro
701 4476 1047 4560 principio,
1107 4496 1291 4560 quam
1338 4494 1462 4559 qua
1507 4470 1747 4536 Thales
1792 4492 2054 4557 aquam„
2078 4472 2292 4555 aerem
2337 4464 2504 4530 Ana-

374 4578 578 4630 Aristot.
602 4580 822 4650 metaph.
847 4580 928 4632 ed.
952 4579 1136 4633 Bonita
1157 4580 1274 4633 Vol.
1296 4581 1359 4632 Π.
2060 4577 2092 4626 5
