3109 5175
561 349 705 425 320
1119 349 1124 360 '
1389 353 1465 421 Z
1507 348 1577 421 7.
1662 346 1929 421 10320.

563 530 697 592 nita
733 529 1003 592 notione
1034 527 1379 611 usurpavit,
1417 547 1603 610 quam
1636 524 1972 610 descripsit
2000 525 2121 589 An.
2150 535 2318 611 post.
2349 523 2380 589 1
2410 525 2474 589 2.
2505 526 2629 591 72⁶
2657 527 2769 591 15:

557 627 811 714 -ἀμέσου
855 628 915 695 δ’
955 627 1162 715 ἀρχῆς
1205 629 1697 711 συλλογιστικῆς
1740 629 1938 694 θέσιν
1978 630 2101 712 μὲν
2144 630 2307 712 λέγω
2366 623 2453 709 ἢν
2495 626 2591 712 μὴ
2634 631 2771 694 ἔστι

563 732 771 813 δεῖξαι
811 730 964 818 μηδ’
1006 727 1261 816 ἀνάγκη
1300 734 1464 818 ἔχειν
1499 726 1618 797 τὸν
1654 726 2144 817 μαθησόμενόν
2177 754 2242 796 τι
2285 732 2406 812 (cf.
2430 733 2659 798 Waitz
2688 732 2770 797 ad

563 836 624 901 b.
670 835 784 918 1.)‚
841 836 956 901 sed
1014 836 1340 922 aliquanto
1397 836 1623 900 latiore
1680 834 2148 922 significatione
2209 834 2293 900 ad
2342 834 2771 900 denotandam

565 962 702 1004 eam
734 943 1259 1027 propositionem,
1300 962 1486 1026 quam
1525 950 1591 1004 et
1631 939 2069 1025 comprobavit
2106 960 2222 1024 per
2250 942 2614 1005 universum
2644 941 2773 1004 hoc

565 1055 757 1130 caput
815 1053 881 1108 et
936 1054 1122 1109 antea
1171 1046 1473 1131 proximis
1517 1045 1733 1108 verbis
1778 1042 2055 1108 breviter
2100 1052 2198 1107 est
2241 1043 2606 1129 complexus
2648 1046 2770 1109 1⁸4:

564 1142 668 1213 ὅτι
709 1149 829 1230 μὲν
873 1137 991 1214 οὖν
1036 1150 1140 1213 ἐπὶ
1188 1185 1269 1198 -
1316 1153 1384 1214 ἕν
1430 1152 1586 1226 ἐστι,
1632 1148 1853 1227 δῆλον.
1930 1145 2181 1231 Quibus
2222 1148 2627 1233 captionibus
2668 1168 2773 1213 so-

562 1250 808 1337 phistae
852 1251 1017 1316 banc
1060 1255 1571 1338 propositionem
1614 1253 2155 1338 impugnaverint,
2204 1249 2357 1331 licet
2396 1273 2534 1317 non
2578 1250 2772 1337 expli-

566 1365 669 1419 cet
714 1353 1119 1433 Aristoteles‚
1178 1365 1386 1419 tamen
1432 1375 1568 1419 non
1614 1354 1875 1419 difficile
1923 1365 2019 1419 est
2064 1353 2380 1431 divinare3
2439 1366 2772 1420 consenta-

565 1478 754 1521 neum
816 1460 978 1522 enim
1037 1461 1290 1543 spuriae
1345 1479 1565 1524 eorum
1624 1459 2099 1545 philosophiae,
2154 1462 2209 1523 si
2256 1480 2368 1525 eos
2414 1459 2771 1547 ambiguam

566 1559 983 1626 accidentium
1042 1571 1356 1641 naturam,
1414 1566 1484 1628 in
1540 1563 1769 1648 quibus
1828 1567 2281 1648 quummaxime
2336 1562 2773 1642 versabantur,

567 1664 930 1730 adhibuisse
989 1675 1054 1729 et
1112 1668 1580 1731 commiscuisse
1627 1688 1765 1731 cum
1808 1662 2175 1731 substantiis
2220 1677 2515 1754 putamus
2560 1666 2641 1732 ad
2684 1667 2775 1731 la·

563 1767 1009 1833 befactandam
1053 1767 1226 1832 illam
1269 1772 1795 1855 propositionem.
1884 1769 2106 1854 Quare
2150 1771 2372 1836 iisdem
2420 1771 2772 1836 rationibus

568 1893 683 1938 eos
727 1871 1119 1938 refellendos
1173 1871 1326 1937 dicit
1368 1872 1774 1951 Aristoteles,
1832 1873 2060 1958 quibus
2120 1874 2563 1955 diiudicemus,
2622 1896 2771 1941 num

565 1976 734 2043 idem
793 1980 877 2042 sit
919 1998 1123 2042 necne
1167 1971 1538 2062 Σωκράτης
1585 1987 1650 2042 et
1691 1971 2041 2062 Σωκράτει
2086 1973 2283 2057 εἶναι,
2342 1982 2632 2046 nimirum
2683 1979 2774 2044 di·

566 2085 809 2147 stinctis
856 2073 1198 2169 diligenter
1241 2079 1608 2146 substantiis
1655 2089 1722 2145 et
1765 2079 2216 2148 accidentibus.

1429 2342 1488 2415 C
1505 2340 1662 2416 ΑΡ.
1725 2342 1896 2417 VII.

699 2483 1079 2569 Explicatis
1116 2487 1571 2569 generationis
1607 2485 1997 2570 generibus,
2039 2497 2103 2553 et
2142 2489 2439 2554 natta-ali
2481 2527 2569 2539 —
2612 2489 2770 2569 1⁸26,

566 2599 631 2656 et
675 2592 1039 2679 artificioso
1083 2628 1173 2639 —-
1208 2592 1370 2672 ⁶23,
1428 2601 1490 2656 et
1545 2600 1901 2676 spontaneo
1948 2628 2029 2643 -
2067 2594 2231 2675 ⁶30,
2288 2593 2458 2659 nihil
2512 2596 2772 2658 omnino

542 2697 720 2785 fieri
763 2692 1167 2779 comprobat,
1223 2697 1358 2760 nisi
1406 2705 1603 2760 antea
1660 2695 1917 2782 aliquid
1956 2699 2279 2762 exstiterit
2322 2734 2407 2745 —
2456 2699 2666 2763 103311
2710 2698 2772 2763 5.

564 2797 699 2862 His
755 2798 1061 2883 adiungit
1116 2799 1431 2887 quomodo
1488 2822 1572 2864 esc
1626 2802 1940 2866 materiae
1987 2803 2245 2866 nomine
2294 2801 2613 2889 quaedam
2658 2824 2773 2886 up-

555 2902 886 2987 pellentm·
932 2938 1014 2953 —
1059 2904 1215 2969 1123.

696 3020 976 3087 Alteram
1015 3021 1263 3087 orditur
1299 3023 1735 3107 quaestionem
1770 3043 1931 3107 quae
1968 3021 2049 3086 de
2085 3023 2180 3105 τῷ
2212 3024 2281 3086 τί
2308 3012 2394 3102 ἦν
2429 3020 2595 3089 εἶναι
2627 3043 2775 3108 pro-

566 3123 868 3210 ponenda
916 3135 1079 3204 erat,
1134 3128 1528 3212 investigans
1576 3136 1783 3191 utrum
1828 3122 1905 3190 τὸ
1948 3148 2092 3205 τηε,
2138 3129 2272 3191 sive
2317 3127 2519 3191 forma
2563 3148 2772 3191 rerum

566 3228 647 3293 ab
697 3230 868 3292 omni
912 3233 1171 3293 materia
1215 3231 1532 3308 immunis,
1580 3233 1798 3316 genita
1844 3231 1926 3293 sit
1970 3250 2202 3310 necne,
2257 3252 2518 3317 eamque
2563 3251 2773 3317 perse·

567 3335 778 3419 quitur
822 3331 1024 3397 tribus
1070 3333 1166 3397 his
1213 3331 1521 3419 capitibus
1562 3334 1621 3412 7,
1659 3334 1717 3410 8,
1758 3335 1820 3398 9.
1897 3332 2096 3417 Quod
2140 3345 2214 3399 ut
2256 3336 2357 3397 via
2405 3355 2481 3397 ac
2520 3338 2771 3400 ratione

569 3434 897 3500 diiudicari
954 3439 1183 3520 possit,
1242 3439 1510 3521 primum
1566 3436 1901 3525 distinguit
1953 3440 2386 3525 generationis
2432 3437 2662 3503 modos
2709 3446 2773 3503 et

567 3561 730 3625 quae
774 3543 856 3604 sit
900 3539 1295 3627 singulorum
1338 3544 1504 3604 ratio
1552 3540 1838 3626 explicat.
1962 3562 1968 3569 ·

700 3645 910 3709 1032a
949 3644 1034 3707 12
1078 3645 1233 3707 τῶν
1277 3644 1357 3709 δὲ
1398 3681 1478 3694 -
1520 3646 1606 3709 15
1652 3636 1697 3722 ἢ
1738 3644 1909 3708 ποῦ.
1978 3642 2218 3708 Eadem
2254 3646 2372 3708 tria
2410 3646 2771 3731 generatio-

565 3749 666 3811 nis
709 3767 947 3833 genera
995 3744 1288 3811 distincta
1333 3746 1603 3836 legimus
1645 3749 1721 3812 A
1759 3748 1820 3811 3.
1866 3747 2075 3812 1070a
2113 3749 2174 3812 6.
2238 3747 2318 3812 cf.
2363 3747 2556 3833 Phys.
2604 3749 2666 3814 11
2711 3750 2771 3813 6.

568 3851 734 3915 198a
769 3852 803 3915 1
824 3851 1028 3915 -13.
1096 3849 1170 3915 In
1208 3854 1434 3936 quovis
1474 3860 1683 3916 autem
1720 3853 2157 3938 generationis
2192 3872 2434 3938 genere
2469 3853 2590 3916 tria
2625 3861 2773 3917 sunt

568 3974 730 4039 quae
766 3965 1174 4038 quaeruntur,
1218 3975 1292 4019 ex
1339 3975 1464 4040 quo
1513 3953 1666 4040 quid
1711 3953 1840 4032 fiat,
1884 3949 1961 4020 τὸ
2008 3952 2076 4033 ἐξ
2122 3945 2218 4032 οὗ,
2263 3976 2424 4040 quae
2462 3958 2548 4019 sit
2584 3976 2771 4020 causa

570 4055 885 4135 efficiens,
929 4051 1008 4121 τὸ
1051 4055 1166 4148 ὑφ’
1207 4048 1313 4136 οὗ,
1361 4058 1635 4144 denique
1680 4056 1832 4143 quid
1877 4060 1959 4122 sit
2001 4057 2067 4122 id
2114 4058 2288 4144 quod
2337 4058 2638 4137 efficitur,
2695 4053 2771 4124 τὰ

565 4161 647 4239 τί,
694 4159 866 4246 quod
912 4160 1162 4246 quidem
1211 4160 1524 4228 diversum
1573 4182 1712 4225 esse
1758 4171 1975 4248 potest
2017 4184 2138 4249 pro
2183 4165 2645 4250 categoriarum
2683 4161 2776 4226 di-

566 4267 880 4329 versitate.
970 4266 1148 4330 Haec
1203 4267 1396 4352 igitur
1446 4270 1802 4331 communia
1847 4267 2142 4332 omnibus
2186 4271 2619 4354 generationis
2665 4288 2805 4354 geg

565 4367 853 4445 neribus,
911 4369 1308 4456 singulorum
1369 4379 1576 4433 autem
1634 4392 1794 4456 quae
1850 4374 1932 4437 sit
1988 4373 2248 4457 propria
2306 4393 2381 4435 ac
2435 4370 2771 4456 peculiaris

566 4473 730 4537 ratio
779 4470 1080 4561 deinceps
1126 4474 1543 4560 persequitur.
