3109 5175
519 367 666 442 284
1349 369 1412 436 E
1466 365 1527 436 l.
1613 362 1882 437 1026a.

521 564 681 620 σεως
737 537 900 609 ὄντα
960 552 1271 628 tamquam
1332 540 1613 606 ciusdem
1659 542 1943 605 notionis
1987 537 2301 604 formulae
2344 540 2728 603 coniunctae

521 658 684 713 sunt.
775 647 1084 711 Nimirum
1144 649 1413 710 notione
1471 644 1721 730 quidem
1771 643 2079 710 differunt
2121 637 2431 721 marmor,
2477 641 2730 718 αἰσθη-

520 746 656 827 τόν,
699 746 948 828 ὑλικόν,
993 749 1108 820 sed
1155 760 1363 814 tamen
1407 752 1476 814 iu
1522 747 1777 813 easdem
1824 767 1925 812 res
1971 745 2139 811 cadit
2180 759 2254 810 ut
2297 756 2362 810 et
2404 747 2729 809 materiam

495 852 799 917 habeant
855 863 920 918 et
977 861 1351 916 moveantur
1411 863 1476 915 et
1532 851 1825 916 sensibus
1874 853 2335 936 percipiantur,
2393 848 2473 912 cf.
2521 848 2579 911 Z
2625 849 2727 912 11.

526 958 727 1021 10:36⁶
754 956 860 1020 28.
923 959 1011 1021 H
1051 958 1110 1020 l.
1158 957 1365 1019 1042«
1403 957 1509 1020 25.
1567 958 1643 1021 A
1693 958 1751 1020 1.
1799 956 2000 1019 1069⁶
2026 957 2084 1031 1,
2129 954 2174 1017 3
2222 963 2286 1017 et
2326 972 2494 1038 quae
2538 971 2728 1036 supra

523 1058 606 1125 de
651 1061 922 1126 notione
969 1070 1229 1124 naturae
1276 1058 1751 1144 disputavimus.

657 1164 867 1228 102&
908 1165 950 1227 6
995 1158 1119 1227 ὅτι
1163 1163 1307 1246 μὲν
1363 1201 1450 1211 -
1505 1163 1595 1226 22
1641 1159 1873 1227 εἶναι.
1968 1162 2389 1227 Theon-eticae
2445 1156 2731 1244 philoso-

523 1266 713 1352 phiae
755 1277 884 1330 tres
934 1264 1308 1330 Aristoteles
1353 1276 1568 1351 partes
1615 1265 1974 1353 distinguit,
2019 1266 2348 1351 physicam
2394 1261 2731 1327 mathema·

525 1372 708 1434 ticam
767 1368 1187 1457 theologiam3
1245 1381 1311 1433 et
1366 1370 1693 1456 physicam
1754 1368 2004 1455 quidem
2062 1372 2307 1432 versari
2362 1372 2430 1432 in
2489 1386 2733 1454 cogno-

526 1472 779 1539 scendis
824 1472 1015 1537 rebus
1058 1472 1488 1550 sensibilibus,
1535 1494 1699 1560 quae
1746 1484 1811 1538 et
1852 1482 2231 1536 moveantur
2270 1491 2480 1556 neque
2522 1493 2562 1532 a
2605 1490 2733 1532 ma-

527 1580 684 1640 teria
728 1580 1004 1662 separari
1049 1579 1327 1663 possint,
1385 1577 1880 1641 mathematicam
1943 1579 2007 1639 in
2053 1575 2245 1663 rebus
2289 1570 2735 1649 immobilibus,

528 1701 689 1765 qnae
735 1704 769 1744 a
813 1683 1071 1746 materia
1119 1681 1528 1767 cogitatione,
1574 1701 1709 1744 non
1753 1683 1891 1766 ipsa
1939 1681 2301 1743 exsistentia
2340 1686 2734 1762 separentur,

527 1786 790 1868 primam
849 1784 1124 1870 denique
1177 1783 1650 1870 philosophiam
1707 1788 1775 1847 in
1831 1782 2029 1847 rebus
2085 1792 2150 1846 et
2188 1780 2623 1846 immobilibus
2668 1788 2735 1844 et

527 1890 834 1972 separatis
880 1911 915 1952 a
961 1890 1220 1954 materia
1268 1897 1334 1953 et
1373 1909 1490 1972 per
1533 1908 1604 1952 sc
1660 1885 2122 1951 exsistentibus.
2196 1885 2275 1949 cf.
2319 1884 2407 1950 de
2448 1906 2552 1948 an.
2597 1884 2627 1947 1
2671 1886 2731 1947 1.

528 1992 688 2056 4⁰31·
732 1994 842 2057 ll:
902 1989 939 2056 ὁ
985 1987 1260 2080 φυσικὸς
1302 1993 1451 2076 περὶ
1495 1985 1762 2055 ἅπανθ’
1800 1984 1931 2054 ὅσα
1975 1992 2096 2054 τοῦ
2136 1989 2389 2054 τοιονδὶ
2428 1982 2735 2073 σώματος

525 2097 636 2160 καὶ
692 2099 812 2174 τῆς
870 2090 1174 2173 τοιαύτης
1232 2091 1391 2172 ὕλης
1458 2096 1619 2180 ἔργα
1674 2096 1787 2159 καὶ
1836 2089 2074 2171 πάθη·
2142 2088 2361 2158 ὁπόσα
2418 2092 2487 2156 δὲ
2541 2085 2637 2173 μὴ
2692 2079 2733 2179 ᾖ

526 2200 820 2277 τοιαῦτα,
865 2193 1081 2274 ἄλλος,
1124 2198 1236 2262 καὶ
1281 2199 1429 2282 περὶ
1471 2199 1671 2264 τινῶν
1705 2200 1824 2279 μὲν
1861 2198 2171 2280 τεχνίτης,
2216 2189 2336 2259 ἐὰν
2370 2189 2545 2285 τύχῃ,
2590 2190 2735 2259 οἷον

527 2306 766 2367 τέκτων
812 2296 854 2381 ἢ
899 2296 1151 2386 ἱατρός,
1198 2302 1328 2366 τῶν
1374 2301 1444 2365 δὲ
1487 2293 1581 2383 μὴ
1620 2301 1959 2386 χωριστῶν
2000 2303 2139 2382 μέν,
2181 2288 2223 2388 ᾗ
2268 2299 2339 2363 δὲ
2380 2293 2473 2382 μὴ
2515 2292 2734 2361 τοιού·-

528 2428 648 2470 του
682 2401 986 2489 σώματος
1019 2399 1220 2481 πάθη
1258 2404 1370 2467 καὶ
1409 2401 1477 2481 ἐξ
1509 2400 1939 2492 ἀφαιρέσεως,
1987 2401 2024 2467 ὁ
2059 2397 2552 2487 μαθηματικός,
2592 2391 2632 2486 ᾗ
2664 2400 2737 2465 δὲ

528 2513 984 2594 κεχωρισμένα,
1030 2504 1066 2571 ὁ
1104 2507 1361 2591 πρῶτος
1398 2503 1789 2598 φιλόσοφος.
1849 2506 1930 2571 de
1961 2518 2125 2593 pant.
2157 2527 2257 2572 an.
2287 2507 2317 2570 1
2351 2508 2410 2570 1.
2441 2507 2603 2570 6411»
2629 2506 2732 2569 lo.

531 2613 742 2698 Quam
778 2614 911 2677 istis
945 2611 1158 2676 verbis
1188 2614 1465 2696 apertius
1503 2612 1823 2700 siguificat
1858 2612 2329 2678 mathematicae
2363 2608 2735 2695 disciplinae

531 2715 832 2793 indolem,
878 2714 1142 2779 eandem
1194 2714 1322 2781 hoc
1367 2726 1589 2781 nostro
1634 2715 1784 2784 loco
1830 2715 2229 2781 dubitantius
2270 2716 2603 2801 proponit,
2648 2715 2733 2776 ita

534 2818 813 2904 quidem,
871 2830 942 2885 ut
996 2817 1226 2884 alicubi
1285 2840 1424 2883 eam
1481 2819 1779 2885 subtilius
1824 2819 2199 2884 definiturus
2247 2838 2386 2885 essue
2429 2817 2737 2894 videatur,

533 2922 600 2988 id
630 2922 802 3008 quod
841 2923 992 2989 iecit
1023 2925 1107 2988 M
1132 2925 1192 3000 2,
1236 2924 1298 2987 3.
1375 2925 1625 2987 Etenim
1672 2927 1936 3010 primum
1983 2921 2237 3008 quidem
2280 2921 2432 2987 dicit
2467 2924 2588 2987 ⁶9:
2632 2916 2741 2986 ὅτι

534 3065 620 3076 —-
657 3028 798 3093 ἔνια
839 3023 1225 3110 μαθήματα
1266 3029 1349 3104 (i.
1383 3049 1436 3091 e.
1485 3027 1787 3113 quasdam
1832 3049 1932 3092 rcs
1967 3029 2472 3102 mathematicas)
2516 3015 2557 3112 ᾗ
2592 3021 2737 3088 ἀκί-

533 3150 699 3208 νητα
754 3132 866 3193 καὶ
909 3121 948 3220 ᾗ
989 3124 1354 3214 χωριστὰ
1401 3131 1646 3217 θεωρεῖ
1689 3134 1838 3210 (int.
1884 3128 1926 3209 ἡ
1972 3123 2456 3214 μαθηματική)
2517 3127 2738 3205 δῆλον,

536 3255 610 3297 ac
651 3232 874 3319 paullo
921 3233 1084 3297 infra
1120 3242 1341 3297 contra
1374 3231 1551 3298 addit
1592 3236 1754 3298 ⁶14:
1802 3235 1919 3313 τῆς
1964 3235 2033 3299 δὲ
2075 3233 2554 3318 μαθηματικῆς
2597 3232 2739 3296 ἔνια

534 3336 829 3415 (videtur
874 3340 1215 3422 praecipue
1261 3335 1706 3415 harmonicam,
1751 3340 2043 3424 opticam,
2089 3336 2245 3401 alias
2288 3332 2603 3399 eiusmodi
2647 3333 2741 3398 di-

535 3440 834 3526 sciplinas
866 3439 1267 3528 intelligere)
1295 3441 1444 3525 περὶ
1475 3438 1755 3520 ἀκίνητα
1789 3443 1910 3524 μὲν
1949 3438 2041 3506 οὐ
2072 3432 2436 3526 χωριστὰ
2472 3434 2535 3503 δ’
2565 3434 2739 3512 ἴσως.

536 3543 792 3610 Collata
838 3543 1270 3630 disputatione
1316 3542 1458 3607 libri
1508 3546 1596 3608 M
1633 3544 1817 3609 facile
1860 3543 2202 3630 apparebit,
2248 3564 2361 3608 cur
2402 3542 2740 3607 mathema-

538 3650 656 3712 tica
705 3656 770 3712 et
815 3647 936 3711 dici
982 3650 1190 3734 possit
1233 3649 1472 3711 versari
1515 3649 1581 3711 in
1630 3649 1838 3727 rebus,
1883 3668 2047 3734 quae
2088 3669 2127 3712 a
2162 3650 2423 3711 materia
2462 3666 2599 3711 non
2641 3666 2743 3709 se-

538 3761 857 3836 parentur,
905 3763 970 3814 et
1012 3754 1328 3836 inquirere
1373 3752 1440 3813 iu
1479 3772 1606 3827 eas,
1651 3755 1829 3834 quasi
1864 3755 1993 3817 sint
2024 3762 2355 3836 separatae
2389 3772 2425 3813 a
2461 3752 2739 3815 materia.

537 3854 738 3921 Certo
771 3857 962 3941 igitur
992 3854 1350 3919 discrimine
1380 3864 1453 3919 ut
1481 3876 1516 3917 a
1548 3855 1830 3940 physica,
1859 3858 1948 3919 ita
1976 3877 2013 3919 a
2046 3855 2479 3920 mathematica
2506 3852 2741 3919 disiun-

539 3968 636 4022 cta
684 3969 781 4022 est
821 3960 1022 4042 prima
1067 3956 1504 4044 philosophia,
1560 3980 1722 4042 quae
1781 3971 1883 4022 est
1919 3962 2067 4047 περὶ
2105 3953 2397 4047 χωριστὰ
2440 3959 2553 4021 καὶ
2596 3953 2741 4020 ἀκί-

537 4082 724 4139 νητα.
804 4063 930 4125 Iam
978 4084 1168 4147 quum
1217 4063 1449 4147 primas
1493 4082 1716 4126 causas
1765 4098 1844 4113 --
1893 4075 1960 4127 et
2004 4082 2226 4133 causas
2272 4060 2525 4147 quidem
2572 4080 2743 4125 nunc

538 4168 769 4249 quaeri,
815 4168 958 4250 ipso
1005 4168 1192 4231 huius
1241 4168 1460 4250 capitis
1505 4168 1688 4228 initio
1736 4168 1985 4231 monuit
2029 4202 2141 4243 —-,
2184 4186 2266 4231 ne
2308 4169 2377 4230 in
2423 4164 2743 4229 infinitum

540 4268 1078 4355 progrediendum
1126 4273 1207 4334 sit
1251 4268 1369 4351 (cf.
1413 4294 1458 4331 α
1493 4270 1594 4345 2),
1640 4289 1861 4333 omnes
1908 4280 2207 4354 oporteat
2250 4278 2539 4333 aeternas
2586 4289 2743 4345 esse,

540 4382 667 4439 tum
715 4376 972 4438 maxime
1018 4374 1144 4440 hoc
1190 4370 1358 4436 cadit
1400 4375 1466 4436 iu
1513 4393 1732 4437 causas
1778 4394 1990 4439 earum
2048 4395 2287 4453 rerum,
2345 4395 2526 4458 quas,
2587 4392 2746 4459 quo-

540 4478 704 4541 niam
749 4480 1052 4543 immunes
1100 4499 1134 4540 a
1182 4478 1439 4541 materia
1487 4487 1552 4542 ct
1597 4476 1950 4543 immobiles
1996 4487 2171 4557 sunt,
2218 4488 2283 4542 et
2324 4480 2497 4564 ipsas
2542 4486 2745 4543 aeter·
