<?xml version="1.0" encoding="UTF-8"?>
<!DOCTYPE html PUBLIC "-//W3C//DTD XHTML 1.0 Transitional//EN"
    "http://www.w3.org/TR/xhtml1/DTD/xhtml1-transitional.dtd">
<html xmlns="http://www.w3.org/1999/xhtml" xml:lang="en" lang="en">
 <head>
  <title>
</title>
<meta http-equiv="Content-Type" content="text/html;charset=utf-8" />
  <meta name='ocr-system' content='tesseract 3.04.00' />
  <meta name='ocr-capabilities' content='ocr_page ocr_carea ocr_par ocr_line ocrx_word'/>
</head>
<body>
  <div class='ocr_page' id='page_1' title='image "aristotelismeta01bonigoog_0066.png"; bbox 0 0 3109 5175; ppageno 0'>
   <div class='ocr_carea' id='block_1_1' title="bbox 577 325 1922 403">
    <p class='ocr_par' dir='ltr' id='par_1_1' title="bbox 577 325 1922 403">
     <span class='ocr_line' id='line_1_1' title="bbox 577 325 1922 403; baseline 0 -3"><span class='ocrx_word' id='word_1_1' title='bbox 577 325 675 400; x_wconf 83' lang='lat'><strong>56</strong></span> <span class='ocrx_word' id='word_1_2' title='bbox 1420 328 1498 401; x_wconf 77' lang='lat' dir='ltr'><em>A</em></span> <span class='ocrx_word' id='word_1_3' title='bbox 1540 326 1618 400; x_wconf 88' lang='lat'><strong>2.</strong></span> <span class='ocrx_word' id='word_1_4' title='bbox 1691 325 1836 403; x_wconf 77' lang='lat'><strong>983</strong></span> <span class='ocrx_word' id='word_1_5' title='bbox 1853 350 1922 401; x_wconf 80' lang='lat' dir='ltr'><strong>a.</strong></span> 
     </span>
    </p>
   </div>
   <div class='ocr_carea' id='block_1_2' title="bbox 571 495 2787 1626">
    <p class='ocr_par' dir='ltr' id='par_1_2' title="bbox 571 495 2787 889">
     <span class='ocr_line' id='line_1_2' title="bbox 575 495 2786 591; baseline 0.003 -24"><span class='ocrx_word' id='word_1_6' title='bbox 575 502 649 569; x_wconf 70' lang='grc' dir='ltr'><strong>δὲ</strong></span> <span class='ocrx_word' id='word_1_7' title='bbox 691 495 865 568; x_wconf 74' lang='grc' dir='ltr'><strong><em>κατὰ</em></strong></span> <span class='ocrx_word' id='word_1_8' title='bbox 907 496 1060 579; x_wconf 78' lang='grc' dir='ltr'><strong>τούς</strong></span> <span class='ocrx_word' id='word_1_9' title='bbox 1100 505 1596 591; x_wconf 76' lang='grc' dir='ltr'><strong>παραινοῦντας</strong></span> <span class='ocrx_word' id='word_1_10' title='bbox 1637 504 1757 585; x_wconf 80' lang='lat' dir='ltr'><strong>(cf.</strong></span> <span class='ocrx_word' id='word_1_11' title='bbox 1787 504 1978 570; x_wconf 75' lang='lat' dir='ltr'><strong>Rhet.</strong></span> <span class='ocrx_word' id='word_1_12' title='bbox 2007 504 2085 584; x_wconf 80' lang='lat'><strong>11,</strong></span> <span class='ocrx_word' id='word_1_13' title='bbox 2113 506 2220 570; x_wconf 91' lang='lat'><strong>21.</strong></span> <span class='ocrx_word' id='word_1_14' title='bbox 2268 507 2467 572; x_wconf 65' lang='lat'>139415</span> <span class='ocrx_word' id='word_1_15' title='bbox 2491 506 2621 588; x_wconf 80' lang='grc'><strong>24)</strong></span> <span class='ocrx_word' id='word_1_16' title='bbox 2664 502 2786 573; x_wconf 72' lang='grc' dir='ltr'><strong>ἄν·</strong></span> 
     </span>
     <span class='ocr_line' id='line_1_3' title="bbox 575 600 2787 695; baseline 0.002 -24"><span class='ocrx_word' id='word_1_17' title='bbox 575 604 893 692; x_wconf 75' lang='grc' dir='ltr'><strong><em>θρώπινα</em></strong></span> <span class='ocrx_word' id='word_1_18' title='bbox 936 615 1210 695; x_wconf 77' lang='grc' dir='ltr'><strong><em>φρονεῖν</em></strong></span> <span class='ocrx_word' id='word_1_19' title='bbox 1255 600 1625 693; x_wconf 75' lang='grc' dir='ltr'><strong><em>ἄνθρωπον</em></strong></span> <span class='ocrx_word' id='word_1_20' title='bbox 1670 601 1834 673; x_wconf 82' lang='grc' dir='ltr'><strong><em>ὄντα</em></strong></span> <span class='ocrx_word' id='word_1_21' title='bbox 1879 605 2030 674; x_wconf 74' lang='grc' dir='ltr'><strong>οὐδὲ</strong></span> <span class='ocrx_word' id='word_1_22' title='bbox 2072 603 2302 688; x_wconf 70' lang='grc' dir='ltr'><strong><em>θνητοὶ</em></strong></span> <span class='ocrx_word' id='word_1_23' title='bbox 2344 603 2462 674; x_wconf 84' lang='grc' dir='ltr'><strong><em>τὸν</em></strong></span> <span class='ocrx_word' id='word_1_24' title='bbox 2505 605 2787 689; x_wconf 76' lang='grc' dir='ltr'><strong><em>θνητόν,</em></strong></span> 
     </span>
     <span class='ocr_line' id='line_1_4' title="bbox 571 704 2783 799; baseline 0.002 -25"><span class='ocrx_word' id='word_1_25' title='bbox 571 706 721 774; x_wconf 81' lang='grc' dir='ltr'><strong><em>ἀλλ’</em></strong></span> <span class='ocrx_word' id='word_1_26' title='bbox 758 705 867 799; x_wconf 78' lang='grc' dir='ltr'><strong>ἐφ’</strong></span> <span class='ocrx_word' id='word_1_27' title='bbox 903 704 1067 775; x_wconf 86' lang='grc' dir='ltr'><strong><em>ὅσον</em></strong></span> <span class='ocrx_word' id='word_1_28' title='bbox 1109 710 1436 794; x_wconf 79' lang='grc' dir='ltr'><strong><em>ἐνδέχεται</em></strong></span> <span class='ocrx_word' id='word_1_29' title='bbox 1476 706 1929 790; x_wconf 73' lang='grc' dir='ltr'><strong><em>ἀθανατίζειν.</em></strong></span> <span class='ocrx_word' id='word_1_30' title='bbox 2019 710 2125 778; x_wconf 81' lang='lat' dir='ltr'><strong>Cf.</strong></span> <span class='ocrx_word' id='word_1_31' title='bbox 2169 713 2233 778; x_wconf 82' lang='lat'><strong>8.</strong></span> <span class='ocrx_word' id='word_1_32' title='bbox 2279 713 2484 778; x_wconf 67' lang='lat'>11785</span> <span class='ocrx_word' id='word_1_33' title='bbox 2520 714 2610 778; x_wconf 92' lang='grc'><strong>20</strong></span> <span class='ocrx_word' id='word_1_34' title='bbox 2651 734 2783 799; x_wconf 86' lang='lat' dir='ltr'><strong>sqq.</strong></span> 
     </span>
     <span class='ocr_line' id='line_1_5' title="bbox 574 812 1172 889; baseline 0.005 -13"><span class='ocrx_word' id='word_1_35' title='bbox 574 812 769 878; x_wconf 88' lang='lat' dir='ltr'><strong>Polit.</strong></span> <span class='ocrx_word' id='word_1_36' title='bbox 814 814 955 889; x_wconf 83' lang='lat' dir='ltr'><strong>Vll,</strong></span> <span class='ocrx_word' id='word_1_37' title='bbox 999 813 1062 877; x_wconf 91' lang='lat'><strong>2.</strong></span> <span class='ocrx_word' id='word_1_38' title='bbox 1108 815 1172 879; x_wconf 92' lang='grc'><strong>3.</strong></span> 
     </span>
    </p>

    <p class='ocr_par' dir='ltr' id='par_1_3' title="bbox 572 914 2787 1626">
     <span class='ocr_line' id='line_1_6' title="bbox 705 914 2784 1004; baseline 0.002 -25"><span class='ocrx_word' id='word_1_39' title='bbox 705 916 793 996; x_wconf 80' lang='lat' dir='ltr'><strong>d)</strong></span> <span class='ocrx_word' id='word_1_40' title='bbox 850 917 1018 982; x_wconf 81' lang='lat' dir='ltr'><strong><em>983a</em></strong></span> <span class='ocrx_word' id='word_1_41' title='bbox 1060 918 1140 981; x_wconf 97' lang='grc'><strong>11</strong></span> <span class='ocrx_word' id='word_1_42' title='bbox 1190 917 1315 981; x_wconf 82' lang='grc' dir='ltr'><strong><em>δεῖ</em></strong></span> <span class='ocrx_word' id='word_1_43' title='bbox 1355 919 1641 1000; x_wconf 79' lang='grc' dir='ltr'><strong><em>μέντοι</em></strong></span> <span class='ocrx_word' id='word_1_44' title='bbox 1686 953 1768 968; x_wconf 92' lang='grc'>-</span> <span class='ocrx_word' id='word_1_45' title='bbox 1812 917 1903 982; x_wconf 91' lang='grc'><strong>20</strong></span> <span class='ocrx_word' id='word_1_46' title='bbox 1945 914 2323 1004; x_wconf 75' lang='grc' dir='ltr'><strong>μετρητή.</strong></span> <span class='ocrx_word' id='word_1_47' title='bbox 2415 920 2656 984; x_wconf 86' lang='lat' dir='ltr'><strong>Exorsa</strong></span> <span class='ocrx_word' id='word_1_48' title='bbox 2702 918 2784 983; x_wconf 89' lang='lat' dir='ltr'><strong>ab</strong></span> 
     </span>
     <span class='ocr_line' id='line_1_7' title="bbox 574 1017 2787 1107; baseline 0.002 -24"><span class='ocrx_word' id='word_1_49' title='bbox 574 1017 993 1085; x_wconf 78' lang='lat' dir='ltr'><strong>admiratione</strong></span> <span class='ocrx_word' id='word_1_50' title='bbox 1038 1021 1173 1084; x_wconf 88' lang='lat' dir='ltr'><strong>eius</strong></span> <span class='ocrx_word' id='word_1_51' title='bbox 1215 1041 1422 1084; x_wconf 88' lang='lat' dir='ltr'><strong>rerum</strong></span> <span class='ocrx_word' id='word_1_52' title='bbox 1457 1029 1736 1098; x_wconf 87' lang='lat' dir='ltr'><strong>naturae,</strong></span> <span class='ocrx_word' id='word_1_53' title='bbox 1782 1042 1964 1105; x_wconf 88' lang='lat' dir='ltr'><strong>quam</strong></span> <span class='ocrx_word' id='word_1_54' title='bbox 1999 1044 2122 1086; x_wconf 86' lang='lat' dir='ltr'><strong>usu</strong></span> <span class='ocrx_word' id='word_1_55' title='bbox 2158 1031 2224 1086; x_wconf 86' lang='lat' dir='ltr'><strong>et</strong></span> <span class='ocrx_word' id='word_1_56' title='bbox 2260 1025 2644 1107; x_wconf 79' lang='lat' dir='ltr'><strong>experientia</strong></span> <span class='ocrx_word' id='word_1_57' title='bbox 2678 1044 2787 1088; x_wconf 88' lang='lat' dir='ltr'><strong>co·</strong></span> 
     </span>
     <span class='ocr_line' id='line_1_8' title="bbox 572 1121 2786 1212; baseline 0.003 -26"><span class='ocrx_word' id='word_1_58' title='bbox 572 1126 946 1211; x_wconf 76' lang='lat' dir='ltr'><strong>gnovimus‚</strong></span> <span class='ocrx_word' id='word_1_59' title='bbox 1004 1125 1312 1209; x_wconf 86' lang='lat' dir='ltr'><strong>sapientia</strong></span> <span class='ocrx_word' id='word_1_60' title='bbox 1369 1121 1601 1188; x_wconf 87' lang='lat' dir='ltr'><strong>desinit</strong></span> <span class='ocrx_word' id='word_1_61' title='bbox 1655 1127 1722 1188; x_wconf 89' lang='lat' dir='ltr'><strong>in</strong></span> <span class='ocrx_word' id='word_1_62' title='bbox 1768 1122 2242 1188; x_wconf 80' lang='lat' dir='ltr'><strong>admirationem</strong></span> <span class='ocrx_word' id='word_1_63' title='bbox 2291 1125 2474 1190; x_wconf 91' lang='lat' dir='ltr'><strong>aliam</strong></span> <span class='ocrx_word' id='word_1_64' title='bbox 2521 1147 2786 1212; x_wconf 87' lang='lat' dir='ltr'><strong>eamque</strong></span> 
     </span>
     <span class='ocr_line' id='line_1_9' title="bbox 576 1222 2784 1315; baseline 0.002 -25"><span class='ocrx_word' id='word_1_65' title='bbox 576 1236 650 1290; x_wconf 79' lang='lat' dir='ltr'><strong>ut</strong></span> <span class='ocrx_word' id='word_1_66' title='bbox 693 1236 788 1291; x_wconf 89' lang='lat' dir='ltr'><strong>est</strong></span> <span class='ocrx_word' id='word_1_67' title='bbox 844 1229 911 1290; x_wconf 91' lang='lat' dir='ltr'><strong>in</strong></span> <span class='ocrx_word' id='word_1_68' title='bbox 964 1226 1313 1312; x_wconf 85' lang='lat' dir='ltr'><strong>proverbio</strong></span> <span class='ocrx_word' id='word_1_69' title='bbox 1371 1226 1729 1311; x_wconf 72' lang='grc' dir='ltr'><strong><em>(δευτέρων</em></strong></span> <span class='ocrx_word' id='word_1_70' title='bbox 1786 1222 2151 1310; x_wconf 81' lang='grc' dir='ltr'><strong><em>ἀμεινόνων</em></strong></span> <span class='ocrx_word' id='word_1_71' title='bbox 2198 1227 2371 1293; x_wconf 84' lang='lat' dir='ltr'><strong>Alex.</strong></span> <span class='ocrx_word' id='word_1_72' title='bbox 2419 1251 2483 1315; x_wconf 88' lang='lat' dir='ltr'><strong>p.</strong></span> <span class='ocrx_word' id='word_1_73' title='bbox 2531 1231 2632 1308; x_wconf 84' lang='lat'><strong>16,</strong></span> <span class='ocrx_word' id='word_1_74' title='bbox 2684 1231 2784 1295; x_wconf 87' lang='grc'><strong>18.</strong></span> 
     </span>
     <span class='ocr_line' id='line_1_10' title="bbox 576 1327 2782 1419; baseline 0.003 -27"><span class='ocrx_word' id='word_1_75' title='bbox 576 1330 817 1393; x_wconf 85' lang='lat' dir='ltr'><strong>Erasm.</strong></span> <span class='ocrx_word' id='word_1_76' title='bbox 848 1327 1055 1418; x_wconf 80' lang='lat' dir='ltr'><strong>Adag.</strong></span> <span class='ocrx_word' id='word_1_77' title='bbox 1086 1330 1132 1408; x_wconf 89' lang='lat'><strong>1,</strong></span> <span class='ocrx_word' id='word_1_78' title='bbox 1162 1332 1225 1395; x_wconf 84' lang='lat'><strong>3.</strong></span> <span class='ocrx_word' id='word_1_79' title='bbox 1255 1331 1386 1409; x_wconf 82' lang='lat'><strong>38)</strong></span> <span class='ocrx_word' id='word_1_80' title='bbox 1429 1328 1775 1407; x_wconf 85' lang='lat' dir='ltr'><strong>meliorem,</strong></span> <span class='ocrx_word' id='word_1_81' title='bbox 1822 1341 1893 1394; x_wconf 88' lang='lat' dir='ltr'><strong>ut</strong></span> <span class='ocrx_word' id='word_1_82' title='bbox 1921 1332 2192 1410; x_wconf 85' lang='lat' dir='ltr'><strong>miretur,</strong></span> <span class='ocrx_word' id='word_1_83' title='bbox 2235 1335 2289 1397; x_wconf 90' lang='lat' dir='ltr'><strong>si</strong></span> <span class='ocrx_word' id='word_1_84' title='bbox 2330 1335 2470 1419; x_wconf 81' lang='lat' dir='ltr'><strong>quis</strong></span> <span class='ocrx_word' id='word_1_85' title='bbox 2509 1336 2782 1399; x_wconf 84' lang='lat' dir='ltr'><strong>animum</strong></span> 
     </span>
     <span class='ocr_line' id='line_1_11' title="bbox 575 1431 2785 1523; baseline 0.002 -26"><span class='ocrx_word' id='word_1_86' title='bbox 575 1431 897 1497; x_wconf 83' lang='lat' dir='ltr'><strong>induxerit</strong></span> <span class='ocrx_word' id='word_1_87' title='bbox 948 1454 1052 1497; x_wconf 88' lang='lat' dir='ltr'><strong>res</strong></span> <span class='ocrx_word' id='word_1_88' title='bbox 1110 1431 1294 1498; x_wconf 87' lang='lat' dir='ltr'><strong>aliter</strong></span> <span class='ocrx_word' id='word_1_89' title='bbox 1349 1453 1421 1497; x_wconf 93' lang='lat' dir='ltr'><strong>se</strong></span> <span class='ocrx_word' id='word_1_90' title='bbox 1465 1431 1706 1497; x_wconf 80' lang='lat' dir='ltr'><strong>habere</strong></span> <span class='ocrx_word' id='word_1_91' title='bbox 1750 1455 1826 1497; x_wconf 90' lang='lat' dir='ltr'><strong>ac</strong></span> <span class='ocrx_word' id='word_1_92' title='bbox 1865 1455 2019 1499; x_wconf 81' lang='lat' dir='ltr'><strong>vere</strong></span> <span class='ocrx_word' id='word_1_93' title='bbox 2063 1435 2320 1501; x_wconf 88' lang='lat' dir='ltr'><strong>habent.</strong></span> <span class='ocrx_word' id='word_1_94' title='bbox 2408 1436 2631 1502; x_wconf 85' lang='lat' dir='ltr'><strong>Veluti</strong></span> <span class='ocrx_word' id='word_1_95' title='bbox 2675 1439 2785 1523; x_wconf 86' lang='lat' dir='ltr'><strong>qni</strong></span> 
     </span>
     <span class='ocr_line' id='line_1_12' title="bbox 573 1534 2785 1626; baseline 0.003 -27"><span class='ocrx_word' id='word_1_96' title='bbox 573 1537 991 1623; x_wconf 76' lang='lat' dir='ltr'><strong>geometriam</strong></span> <span class='ocrx_word' id='word_1_97' title='bbox 1039 1535 1323 1601; x_wconf 86' lang='lat' dir='ltr'><strong>nondum</strong></span> <span class='ocrx_word' id='word_1_98' title='bbox 1367 1534 1735 1622; x_wconf 82' lang='lat' dir='ltr'><strong>perdidicit,</strong></span> <span class='ocrx_word' id='word_1_99' title='bbox 1794 1541 2088 1623; x_wconf 83' lang='lat' dir='ltr'><strong>quoniam</strong></span> <span class='ocrx_word' id='word_1_100' title='bbox 2133 1538 2304 1604; x_wconf 88' lang='lat' dir='ltr'><strong>linea</strong></span> <span class='ocrx_word' id='word_1_101' title='bbox 2350 1538 2675 1626; x_wconf 83' lang='lat' dir='ltr'><strong>quaelibet</strong></span> <span class='ocrx_word' id='word_1_102' title='bbox 2716 1544 2785 1606; x_wconf 88' lang='lat' dir='ltr'><strong>in</strong></span> 
     </span>
    </p>
   </div>
   <div class='ocr_carea' id='block_1_3' title="bbox 570 1637 2914 1726">
    <p class='ocr_par' dir='ltr' id='par_1_4' title="bbox 570 1637 2914 1726">
     <span class='ocr_line' id='line_1_13' title="bbox 570 1637 2914 1726; baseline 0.003 -23"><span class='ocrx_word' id='word_1_103' title='bbox 570 1638 890 1704; x_wconf 86' lang='lat' dir='ltr'><strong>infinitum</strong></span> <span class='ocrx_word' id='word_1_104' title='bbox 936 1637 1134 1703; x_wconf 84' lang='lat' dir='ltr'><strong>dividi</strong></span> <span class='ocrx_word' id='word_1_105' title='bbox 1177 1650 1411 1726; x_wconf 86' lang='lat' dir='ltr'><strong>potest,</strong></span> <span class='ocrx_word' id='word_1_106' title='bbox 1453 1641 1712 1704; x_wconf 86' lang='lat' dir='ltr'><strong>miratur</strong></span> <span class='ocrx_word' id='word_1_107' title='bbox 1740 1638 1924 1726; x_wconf 68' lang='lat' dir='ltr'><strong>&#39;quod</strong></span> <span class='ocrx_word' id='word_1_108' title='bbox 1956 1641 2176 1708; x_wconf 89' lang='lat' dir='ltr'><strong>eadem</strong></span> <span class='ocrx_word' id='word_1_109' title='bbox 2208 1663 2503 1708; x_wconf 86' lang='lat' dir='ltr'><strong>mensura</strong></span> <span class='ocrx_word' id='word_1_110' title='bbox 2532 1644 2785 1709; x_wconf 85' lang='lat' dir='ltr'><strong>infinite</strong></span> <span class='ocrx_word' id='word_1_111' title='bbox 2907 1667 2914 1678; x_wconf 89' lang='grc'><em>·</em></span> 
     </span>
    </p>
   </div>
   <div class='ocr_carea' id='block_1_4' title="bbox 569 1743 2784 2555">
    <p class='ocr_par' dir='ltr' id='par_1_5' title="bbox 569 1743 2784 2555">
     <span class='ocr_line' id='line_1_14' title="bbox 571 1743 2782 1835; baseline 0.002 -28"><span class='ocrx_word' id='word_1_112' title='bbox 571 1765 764 1829; x_wconf 86' lang='lat' dir='ltr'><strong>parva</strong></span> <span class='ocrx_word' id='word_1_113' title='bbox 828 1743 1178 1808; x_wconf 88' lang='lat' dir='ltr'><strong>mensurari</strong></span> <span class='ocrx_word' id='word_1_114' title='bbox 1233 1759 1425 1828; x_wconf 82' lang='lat' dir='ltr'><strong>posse</strong></span> <span class='ocrx_word' id='word_1_115' title='bbox 1483 1754 1803 1830; x_wconf 85' lang='lat' dir='ltr'><strong>negantur</strong></span> <span class='ocrx_word' id='word_1_116' title='bbox 1855 1743 2023 1809; x_wconf 86' lang='lat' dir='ltr'><strong>latus</strong></span> <span class='ocrx_word' id='word_1_117' title='bbox 2082 1756 2145 1809; x_wconf 86' lang='lat' dir='ltr'><strong>et</strong></span> <span class='ocrx_word' id='word_1_118' title='bbox 2199 1744 2368 1809; x_wconf 87' lang='lat' dir='ltr'><strong>linea</strong></span> <span class='ocrx_word' id='word_1_119' title='bbox 2422 1746 2782 1835; x_wconf 80' lang='lat' dir='ltr'><strong>diagonalis</strong></span> 
     </span>
     <span class='ocr_line' id='line_1_15' title="bbox 573 1841 2781 1936; baseline 0.002 -25"><span class='ocrx_word' id='word_1_120' title='bbox 573 1845 861 1933; x_wconf 84' lang='lat' dir='ltr'><strong>quadrati</strong></span> <span class='ocrx_word' id='word_1_121' title='bbox 919 1844 1021 1926; x_wconf 71' lang='grc' dir='ltr'><strong>(εἴ</strong></span> <span class='ocrx_word' id='word_1_122' title='bbox 1071 1870 1137 1910; x_wconf 84' lang='grc' dir='ltr'><strong><em>τι</em></strong></span> <span class='ocrx_word' id='word_1_123' title='bbox 1191 1847 1284 1927; x_wconf 77' lang='grc' dir='ltr'><strong><em>τῷ</em></strong></span> <span class='ocrx_word' id='word_1_124' title='bbox 1328 1846 1647 1930; x_wconf 78' lang='grc' dir='ltr'><strong><em>ἐλαχίστῳ</em></strong></span> <span class='ocrx_word' id='word_1_125' title='bbox 1688 1841 1782 1931; x_wconf 82' lang='grc' dir='ltr'><strong>μὴ</strong></span> <span class='ocrx_word' id='word_1_126' title='bbox 1825 1858 2156 1931; x_wconf 74' lang='grc' dir='ltr'><strong><em>μετρεῖται</em></strong></span> <span class='ocrx_word' id='word_1_127' title='bbox 2196 1851 2402 1929; x_wconf 72' lang='lat'><strong>017);</strong></span> <span class='ocrx_word' id='word_1_128' title='bbox 2458 1853 2565 1936; x_wconf 90' lang='lat' dir='ltr'><strong>qui</strong></span> <span class='ocrx_word' id='word_1_129' title='bbox 2623 1871 2781 1916; x_wconf 85' lang='lat' dir='ltr'><strong>vero</strong></span> 
     </span>
     <span class='ocr_line' id='line_1_16' title="bbox 572 1948 2783 2040; baseline 0.002 -26"><span class='ocrx_word' id='word_1_130' title='bbox 572 1972 807 2039; x_wconf 80' lang='lat' dir='ltr'><strong>gnarus</strong></span> <span class='ocrx_word' id='word_1_131' title='bbox 854 1961 952 2016; x_wconf 89' lang='lat' dir='ltr'><strong>est</strong></span> <span class='ocrx_word' id='word_1_132' title='bbox 995 1951 1404 2038; x_wconf 83' lang='lat' dir='ltr'><strong>geometriae,</strong></span> <span class='ocrx_word' id='word_1_133' title='bbox 1448 1950 1501 2013; x_wconf 87' lang='lat' dir='ltr'><strong>is</strong></span> <span class='ocrx_word' id='word_1_134' title='bbox 1546 1948 1688 2016; x_wconf 85' lang='lat' dir='ltr'><strong>fieri</strong></span> <span class='ocrx_word' id='word_1_135' title='bbox 1738 1970 1872 2015; x_wconf 87' lang='lat' dir='ltr'><strong>non</strong></span> <span class='ocrx_word' id='word_1_136' title='bbox 1912 1974 2107 2038; x_wconf 86' lang='lat' dir='ltr'><strong>posse</strong></span> <span class='ocrx_word' id='word_1_137' title='bbox 2146 1951 2457 2040; x_wconf 83' lang='lat' dir='ltr'><strong>intelligit,</strong></span> <span class='ocrx_word' id='word_1_138' title='bbox 2504 1963 2577 2018; x_wconf 87' lang='lat' dir='ltr'><strong>nt</strong></span> <span class='ocrx_word' id='word_1_139' title='bbox 2614 1974 2783 2019; x_wconf 90' lang='lat' dir='ltr'><strong>com-</strong></span> 
     </span>
     <span class='ocr_line' id='line_1_17' title="bbox 571 2053 2784 2142; baseline 0.002 -24"><span class='ocrx_word' id='word_1_140' title='bbox 571 2058 775 2119; x_wconf 80' lang='lat' dir='ltr'><strong>munis</strong></span> <span class='ocrx_word' id='word_1_141' title='bbox 813 2058 895 2120; x_wconf 85' lang='lat' dir='ltr'><strong>sit</strong></span> <span class='ocrx_word' id='word_1_142' title='bbox 926 2056 1253 2138; x_wconf 86' lang='lat' dir='ltr'><strong>utriusque</strong></span> <span class='ocrx_word' id='word_1_143' title='bbox 1290 2074 1604 2118; x_wconf 88' lang='lat' dir='ltr'><strong>mensura.</strong></span> <span class='ocrx_word' id='word_1_144' title='bbox 1680 2054 1965 2119; x_wconf 87' lang='lat' dir='ltr'><strong>Solenne</strong></span> <span class='ocrx_word' id='word_1_145' title='bbox 1998 2055 2128 2120; x_wconf 89' lang='lat' dir='ltr'><strong>hoc</strong></span> <span class='ocrx_word' id='word_1_146' title='bbox 2157 2055 2524 2142; x_wconf 85' lang='lat' dir='ltr'><strong>exemplum,</strong></span> <span class='ocrx_word' id='word_1_147' title='bbox 2567 2053 2784 2141; x_wconf 83' lang='grc' dir='ltr'><strong><em>ἀσύμ-</em></strong></span> 
     </span>
     <span class='ocr_line' id='line_1_18' title="bbox 569 2155 2784 2246; baseline 0.001 -24"><span class='ocrx_word' id='word_1_148' title='bbox 569 2179 807 2241; x_wconf 85' lang='grc' dir='ltr'><strong><em>μετρος</em></strong></span> <span class='ocrx_word' id='word_1_149' title='bbox 848 2155 892 2237; x_wconf 83' lang='grc' dir='ltr'><em>ἡ</em></span> <span class='ocrx_word' id='word_1_150' title='bbox 938 2155 1305 2242; x_wconf 83' lang='grc' dir='ltr'><strong><em>διάμετρος,</em></strong></span> <span class='ocrx_word' id='word_1_151' title='bbox 1347 2160 1689 2243; x_wconf 82' lang='lat' dir='ltr'><strong>praecipue</strong></span> <span class='ocrx_word' id='word_1_152' title='bbox 1733 2158 1845 2222; x_wconf 90' lang='lat' dir='ltr'><strong>ubi</strong></span> <span class='ocrx_word' id='word_1_153' title='bbox 1892 2157 1974 2223; x_wconf 90' lang='lat' dir='ltr'><strong>de</strong></span> <span class='ocrx_word' id='word_1_154' title='bbox 2019 2180 2099 2223; x_wconf 87' lang='lat' dir='ltr'><strong>eo</strong></span> <span class='ocrx_word' id='word_1_155' title='bbox 2146 2161 2369 2246; x_wconf 81' lang='lat' dir='ltr'><strong>agitur,</strong></span> <span class='ocrx_word' id='word_1_156' title='bbox 2417 2158 2593 2246; x_wconf 86' lang='lat' dir='ltr'><strong>quod</strong></span> <span class='ocrx_word' id='word_1_157' title='bbox 2637 2163 2784 2225; x_wconf 89' lang='lat' dir='ltr'><strong>sim-</strong></span> 
     </span>
     <span class='ocr_line' id='line_1_19' title="bbox 571 2260 2780 2347; baseline 0.002 -24"><span class='ocrx_word' id='word_1_158' title='bbox 571 2260 822 2347; x_wconf 86' lang='lat' dir='ltr'><strong>pliciter</strong></span> <span class='ocrx_word' id='word_1_159' title='bbox 867 2270 933 2325; x_wconf 91' lang='lat' dir='ltr'><strong>et</strong></span> <span class='ocrx_word' id='word_1_160' title='bbox 973 2270 1198 2346; x_wconf 87' lang='lat' dir='ltr'><strong>suapte</strong></span> <span class='ocrx_word' id='word_1_161' title='bbox 1241 2271 1462 2324; x_wconf 84' lang='lat' dir='ltr'><strong>natura</strong></span> <span class='ocrx_word' id='word_1_162' title='bbox 1511 2272 1609 2324; x_wconf 87' lang='lat' dir='ltr'><strong>est</strong></span> <span class='ocrx_word' id='word_1_163' title='bbox 1652 2262 2041 2347; x_wconf 80' lang='lat' dir='ltr'><strong>impossible.</strong></span> <span class='ocrx_word' id='word_1_164' title='bbox 2119 2261 2223 2327; x_wconf 84' lang='lat' dir='ltr'><strong>Cf.</strong></span> <span class='ocrx_word' id='word_1_165' title='bbox 2254 2261 2322 2327; x_wconf 89' lang='grc' dir='ltr'><em>Γ</em></span> <span class='ocrx_word' id='word_1_166' title='bbox 2342 2264 2403 2328; x_wconf 84' lang='grc'><strong>8.</strong></span> <span class='ocrx_word' id='word_1_167' title='bbox 2437 2263 2647 2328; x_wconf 70' lang='lat'>1012«</span> <span class='ocrx_word' id='word_1_168' title='bbox 2672 2265 2780 2330; x_wconf 87' lang='grc'><strong>33.</strong></span> 
     </span>
     <span class='ocr_line' id='line_1_20' title="bbox 570 2364 2779 2433; baseline 0.002 -5"><span class='ocrx_word' id='word_1_169' title='bbox 570 2366 626 2428; x_wconf 87' lang='grc' dir='ltr'><em>Δ</em></span> <span class='ocrx_word' id='word_1_170' title='bbox 672 2366 732 2429; x_wconf 90' lang='grc'><strong>7.</strong></span> <span class='ocrx_word' id='word_1_171' title='bbox 784 2365 991 2429; x_wconf 62' lang='grc'><strong>10174</strong></span> <span class='ocrx_word' id='word_1_172' title='bbox 1013 2364 1123 2427; x_wconf 81' lang='lat'><strong>35.</strong></span> <span class='ocrx_word' id='word_1_173' title='bbox 1186 2364 1288 2429; x_wconf 88' lang='lat'><strong>12.</strong></span> <span class='ocrx_word' id='word_1_174' title='bbox 1336 2365 1539 2428; x_wconf 73' lang='lat' dir='ltr'><strong>lomb</strong></span> <span class='ocrx_word' id='word_1_175' title='bbox 1564 2364 1671 2428; x_wconf 82' lang='grc'><strong>24.</strong></span> <span class='ocrx_word' id='word_1_176' title='bbox 1727 2365 1833 2430; x_wconf 84' lang='grc'><strong>29.</strong></span> <span class='ocrx_word' id='word_1_177' title='bbox 1885 2366 2085 2429; x_wconf 63' lang='grc'><strong>10241)</strong></span> <span class='ocrx_word' id='word_1_178' title='bbox 2115 2368 2218 2430; x_wconf 86' lang='grc'><strong>19.</strong></span> <span class='ocrx_word' id='word_1_179' title='bbox 2284 2366 2342 2432; x_wconf 84' lang='grc' dir='ltr'><em>Θ</em></span> <span class='ocrx_word' id='word_1_180' title='bbox 2378 2369 2439 2432; x_wconf 82' lang='grc'><strong>4.</strong></span> <span class='ocrx_word' id='word_1_181' title='bbox 2486 2368 2691 2433; x_wconf 74' lang='grc' dir='ltr'><strong>104Ίό</strong></span> <span class='ocrx_word' id='word_1_182' title='bbox 2715 2370 2779 2432; x_wconf 91' lang='grc'><strong>6.</strong></span> 
     </span>
     <span class='ocr_line' id='line_1_21' title="bbox 571 2465 2780 2555; baseline 0.003 -25"><span class='ocrx_word' id='word_1_183' title='bbox 571 2467 803 2531; x_wconf 79' lang='lat' dir='ltr'><strong>Waitz</strong></span> <span class='ocrx_word' id='word_1_184' title='bbox 850 2465 930 2530; x_wconf 87' lang='lat' dir='ltr'><strong>ad</strong></span> <span class='ocrx_word' id='word_1_185' title='bbox 975 2465 1158 2532; x_wconf 87' lang='lat' dir='ltr'><strong>Anal.</strong></span> <span class='ocrx_word' id='word_1_186' title='bbox 1203 2488 1300 2551; x_wconf 88' lang='lat' dir='ltr'><strong>pr.</strong></span> <span class='ocrx_word' id='word_1_187' title='bbox 1343 2467 1374 2531; x_wconf 91' lang='lat'>1</span> <span class='ocrx_word' id='word_1_188' title='bbox 1417 2468 1523 2531; x_wconf 84' lang='lat'><strong>23.</strong></span> <span class='ocrx_word' id='word_1_189' title='bbox 1571 2469 1694 2531; x_wconf 78' lang='lat'><strong>41·</strong></span> <span class='ocrx_word' id='word_1_190' title='bbox 1730 2468 1835 2532; x_wconf 84' lang='lat'><strong>26.</strong></span> <span class='ocrx_word' id='word_1_191' title='bbox 1900 2466 2082 2532; x_wconf 87' lang='lat' dir='ltr'><strong>Anal.</strong></span> <span class='ocrx_word' id='word_1_192' title='bbox 2126 2480 2292 2555; x_wconf 86' lang='lat' dir='ltr'><strong>post.</strong></span> <span class='ocrx_word' id='word_1_193' title='bbox 2338 2470 2366 2533; x_wconf 91' lang='lat'>1</span> <span class='ocrx_word' id='word_1_194' title='bbox 2411 2471 2473 2535; x_wconf 90' lang='grc'><strong>2.</strong></span> <span class='ocrx_word' id='word_1_195' title='bbox 2523 2473 2639 2536; x_wconf 70' lang='lat'><strong>71⁶</strong></span> <span class='ocrx_word' id='word_1_196' title='bbox 2671 2473 2780 2537; x_wconf 92' lang='grc'><strong>26.</strong></span> 
     </span>
    </p>
   </div>
   <div class='ocr_carea' id='block_1_5' title="bbox 438 2569 2778 2655">
    <p class='ocr_par' dir='ltr' id='par_1_6' title="bbox 438 2569 2778 2655">
     <span class='ocr_line' id='line_1_22' title="bbox 438 2569 2778 2655; baseline 0.003 -19"><span class='ocrx_word' id='word_1_197' title='bbox 438 2620 447 2627; x_wconf 81' lang='grc'><strong>-</strong></span> <span class='ocrx_word' id='word_1_198' title='bbox 569 2571 674 2637; x_wconf 88' lang='grc'><strong>33.</strong></span> <span class='ocrx_word' id='word_1_199' title='bbox 723 2571 847 2637; x_wconf 73' lang='lat'><strong>89«</strong></span> <span class='ocrx_word' id='word_1_200' title='bbox 883 2572 988 2636; x_wconf 89' lang='grc'><strong>30.</strong></span> <span class='ocrx_word' id='word_1_201' title='bbox 1051 2571 1223 2655; x_wconf 91' lang='lat' dir='ltr'><strong>Top.</strong></span> <span class='ocrx_word' id='word_1_202' title='bbox 1258 2569 1289 2633; x_wconf 91' lang='grc' dir='ltr'>Ι</span> <span class='ocrx_word' id='word_1_203' title='bbox 1341 2572 1440 2635; x_wconf 82' lang='grc'><strong>15.</strong></span> <span class='ocrx_word' id='word_1_204' title='bbox 1488 2571 1655 2637; x_wconf 78' lang='grc' dir='ltr'><strong>106α</strong></span> <span class='ocrx_word' id='word_1_205' title='bbox 1693 2573 1798 2638; x_wconf 81' lang='lat'><strong>38.</strong></span> <span class='ocrx_word' id='word_1_206' title='bbox 1860 2572 2015 2637; x_wconf 88' lang='lat' dir='ltr'><strong>Vlll</strong></span> <span class='ocrx_word' id='word_1_207' title='bbox 2065 2575 2165 2639; x_wconf 88' lang='lat'><strong>13.</strong></span> <span class='ocrx_word' id='word_1_208' title='bbox 2216 2575 2379 2639; x_wconf 72' lang='lat'><strong>1630</strong></span> <span class='ocrx_word' id='word_1_209' title='bbox 2421 2577 2524 2640; x_wconf 96' lang='grc'><strong>11.</strong></span> <span class='ocrx_word' id='word_1_210' title='bbox 2581 2576 2672 2640; x_wconf 84' lang='lat' dir='ltr'><strong>lx</strong></span> <span class='ocrx_word' id='word_1_211' title='bbox 2716 2579 2778 2642; x_wconf 92' lang='grc'><strong>6.</strong></span> 
     </span>
    </p>
   </div>
   <div class='ocr_carea' id='block_1_6' title="bbox 526 2675 2784 4520">
    <p class='ocr_par' dir='ltr' id='par_1_7' title="bbox 570 2675 2781 2845">
     <span class='ocr_line' id='line_1_23' title="bbox 573 2675 2781 2761; baseline 0.004 -24"><span class='ocrx_word' id='word_1_212' title='bbox 573 2675 740 2739; x_wconf 69' lang='lat'><strong>168⁶</strong></span> <span class='ocrx_word' id='word_1_213' title='bbox 778 2676 882 2739; x_wconf 83' lang='grc'><strong>40.</strong></span> <span class='ocrx_word' id='word_1_214' title='bbox 948 2676 1052 2738; x_wconf 89' lang='grc'><strong>10.</strong></span> <span class='ocrx_word' id='word_1_215' title='bbox 1103 2676 1267 2738; x_wconf 81' lang='lat' dir='ltr'><strong>171a</strong></span> <span class='ocrx_word' id='word_1_216' title='bbox 1313 2675 1411 2737; x_wconf 83' lang='grc'><strong>14.</strong></span> <span class='ocrx_word' id='word_1_217' title='bbox 1474 2675 1664 2761; x_wconf 76' lang='lat' dir='ltr'><strong>Phys.</strong></span> <span class='ocrx_word' id='word_1_218' title='bbox 1709 2676 1807 2739; x_wconf 90' lang='lat' dir='ltr'><strong>IV</strong></span> <span class='ocrx_word' id='word_1_219' title='bbox 1857 2679 1958 2740; x_wconf 89' lang='lat'><strong>12.</strong></span> <span class='ocrx_word' id='word_1_220' title='bbox 2006 2677 2174 2741; x_wconf 73' lang='lat'><strong>221⁰</strong></span> <span class='ocrx_word' id='word_1_221' title='bbox 2211 2678 2317 2743; x_wconf 82' lang='grc'><strong>24.</strong></span> <span class='ocrx_word' id='word_1_222' title='bbox 2379 2680 2550 2744; x_wconf 68' lang='grc' dir='ltr'><strong>222α</strong></span> <span class='ocrx_word' id='word_1_223' title='bbox 2588 2681 2648 2745; x_wconf 81' lang='grc'><strong>4.</strong></span> <span class='ocrx_word' id='word_1_224' title='bbox 2694 2679 2781 2746; x_wconf 93' lang='lat' dir='ltr'><strong>de</strong></span> 
     </span>
     <span class='ocr_line' id='line_1_24' title="bbox 570 2777 2003 2845; baseline 0.002 -4"><span class='ocrx_word' id='word_1_225' title='bbox 570 2797 671 2842; x_wconf 83' lang='lat' dir='ltr'><strong>an.</strong></span> <span class='ocrx_word' id='word_1_226' title='bbox 719 2777 809 2841; x_wconf 89' lang='lat'><strong>111</strong></span> <span class='ocrx_word' id='word_1_227' title='bbox 854 2779 917 2841; x_wconf 91' lang='grc'><strong>6.</strong></span> <span class='ocrx_word' id='word_1_228' title='bbox 962 2778 1133 2842; x_wconf 71' lang='lat'><strong>43⁰0</strong></span> <span class='ocrx_word' id='word_1_229' title='bbox 1179 2778 1285 2842; x_wconf 91' lang='grc'><strong>31.</strong></span> <span class='ocrx_word' id='word_1_230' title='bbox 1332 2789 1397 2841; x_wconf 91' lang='lat' dir='ltr'><strong>et</strong></span> <span class='ocrx_word' id='word_1_231' title='bbox 1443 2778 1683 2844; x_wconf 90' lang='lat' dir='ltr'><strong>Trend.</strong></span> <span class='ocrx_word' id='word_1_232' title='bbox 1730 2779 1809 2843; x_wconf 87' lang='lat' dir='ltr'><strong>ad</strong></span> <span class='ocrx_word' id='word_1_233' title='bbox 1854 2780 1914 2844; x_wconf 83' lang='lat' dir='ltr'><strong>h.</strong></span> <span class='ocrx_word' id='word_1_234' title='bbox 1960 2778 2003 2845; x_wconf 90' lang='lat' dir='ltr'><strong>l.</strong></span> 
     </span>
    </p>

    <p class='ocr_par' dir='ltr' id='par_1_8' title="bbox 526 2875 2784 4520">
     <span class='ocr_line' id='line_1_25' title="bbox 702 2875 2778 2967; baseline 0.003 -20"><span class='ocrx_word' id='word_1_235' title='bbox 702 2883 873 2947; x_wconf 66' lang='lat'><strong>983⁶</strong></span> <span class='ocrx_word' id='word_1_236' title='bbox 918 2884 1002 2946; x_wconf 83' lang='grc'><strong>14</strong></span> <span class='ocrx_word' id='word_1_237' title='bbox 1058 2875 1442 2967; x_wconf 72' lang='grc' dir='ltr'><strong><em>καθάπερ</em></strong></span> <span class='ocrx_word' id='word_1_238' title='bbox 1499 2883 1656 2946; x_wconf 75' lang='grc' dir='ltr'><strong><em>τῶν</em></strong></span> <span class='ocrx_word' id='word_1_239' title='bbox 1706 2878 2159 2967; x_wconf 76' lang='grc' dir='ltr'><strong><em>θαυμάτων</em></strong></span> <span class='ocrx_word' id='word_1_240' title='bbox 2207 2922 2287 2937; x_wconf 91' lang='lat'>-</span> <span class='ocrx_word' id='word_1_241' title='bbox 2339 2887 2424 2951; x_wconf 85' lang='lat'><strong>15</strong></span> <span class='ocrx_word' id='word_1_242' title='bbox 2470 2887 2778 2953; x_wconf 69' lang='grc' dir='ltr'><strong><em>αἰτίαν.</em></strong></span> 
     </span>
     <span class='ocr_line' id='line_1_26' title="bbox 571 2981 2782 3074; baseline 0.004 -26"><span class='ocrx_word' id='word_1_243' title='bbox 571 2983 748 3049; x_wconf 83' lang='lat' dir='ltr'><strong>Alex.</strong></span> <span class='ocrx_word' id='word_1_244' title='bbox 798 2983 877 3049; x_wconf 92' lang='lat' dir='ltr'><strong>ad</strong></span> <span class='ocrx_word' id='word_1_245' title='bbox 924 2985 984 3049; x_wconf 84' lang='lat' dir='ltr'><strong>h.</strong></span> <span class='ocrx_word' id='word_1_246' title='bbox 1028 2983 1074 3048; x_wconf 90' lang='lat' dir='ltr'><strong>l.</strong></span> <span class='ocrx_word' id='word_1_247' title='bbox 1121 3009 1182 3071; x_wconf 89' lang='lat' dir='ltr'><strong>p.</strong></span> <span class='ocrx_word' id='word_1_248' title='bbox 1221 2987 1318 3063; x_wconf 83' lang='lat'><strong>16,</strong></span> <span class='ocrx_word' id='word_1_249' title='bbox 1363 2987 1405 3049; x_wconf 98' lang='grc'><strong>6</strong></span> <span class='ocrx_word' id='word_1_250' title='bbox 1451 2981 1782 3069; x_wconf 74' lang='grc' dir='ltr'><strong><em>θαύματα</em></strong></span> <span class='ocrx_word' id='word_1_251' title='bbox 1837 2989 2289 3074; x_wconf 87' lang='lat' dir='ltr'><strong>interpretatur</strong></span> <span class='ocrx_word' id='word_1_252' title='bbox 2345 2982 2431 3053; x_wconf 80' lang='grc' dir='ltr'><strong><em>τὰ</em></strong></span> <span class='ocrx_word' id='word_1_253' title='bbox 2475 2982 2601 3056; x_wconf 82' lang='grc' dir='ltr'><strong>ὑπὸ</strong></span> <span class='ocrx_word' id='word_1_254' title='bbox 2645 2991 2782 3056; x_wconf 77' lang='grc' dir='ltr'><strong><em>τῶν</em></strong></span> 
     </span>
     <span class='ocr_line' id='line_1_27' title="bbox 570 3083 2781 3174; baseline 0.004 -23"><span class='ocrx_word' id='word_1_255' title='bbox 570 3088 1100 3172; x_wconf 75' lang='grc' dir='ltr'><strong><em>θαυματοποιῶν</em></strong></span> <span class='ocrx_word' id='word_1_256' title='bbox 1155 3083 1538 3173; x_wconf 80' lang='grc' dir='ltr'><strong><em>δεικνύμενα</em></strong></span> <span class='ocrx_word' id='word_1_257' title='bbox 1594 3092 1898 3174; x_wconf 78' lang='grc' dir='ltr'><strong><em>παίγνια,</em></strong></span> <span class='ocrx_word' id='word_1_258' title='bbox 1955 3084 2001 3153; x_wconf 71' lang='grc' dir='ltr'><em>ἃ</em></span> <span class='ocrx_word' id='word_1_259' title='bbox 2059 3087 2128 3168; x_wconf 72' lang='grc' dir='ltr'><strong>ἐξ</strong></span> <span class='ocrx_word' id='word_1_260' title='bbox 2182 3087 2400 3156; x_wconf 76' lang='grc' dir='ltr'><strong><em>αὐτῶν</em></strong></span> <span class='ocrx_word' id='word_1_261' title='bbox 2445 3092 2624 3158; x_wconf 76' lang='grc' dir='ltr'><strong><em>δοκεῖ</em></strong></span> <span class='ocrx_word' id='word_1_262' title='bbox 2663 3095 2781 3159; x_wconf 84' lang='grc' dir='ltr'><strong><em>καὶ</em></strong></span> 
     </span>
     <span class='ocr_line' id='line_1_28' title="bbox 571 3185 2783 3281; baseline 0.003 -27"><span class='ocrx_word' id='word_1_263' title='bbox 571 3185 957 3274; x_wconf 79' lang='grc' dir='ltr'><strong><em>αὐτομάτως</em></strong></span> <span class='ocrx_word' id='word_1_264' title='bbox 999 3192 1352 3258; x_wconf 80' lang='grc' dir='ltr'><strong><em>κινεῖσθαι.</em></strong></span> <span class='ocrx_word' id='word_1_265' title='bbox 1430 3192 1763 3280; x_wconf 76' lang='lat' dir='ltr'><strong>vulgatam</strong></span> <span class='ocrx_word' id='word_1_266' title='bbox 1810 3194 1974 3259; x_wconf 87' lang='lat' dir='ltr'><strong>hanc</strong></span> <span class='ocrx_word' id='word_1_267' title='bbox 2016 3193 2211 3258; x_wconf 81' lang='lat' dir='ltr'><strong>fuisse</strong></span> <span class='ocrx_word' id='word_1_268' title='bbox 2246 3216 2388 3259; x_wconf 86' lang='lat' dir='ltr'><strong>voc.</strong></span> <span class='ocrx_word' id='word_1_269' title='bbox 2419 3197 2664 3281; x_wconf 75' lang='grc' dir='ltr'><strong><em>θαῦμα</em></strong></span> <span class='ocrx_word' id='word_1_270' title='bbox 2698 3198 2783 3261; x_wconf 86' lang='lat' dir='ltr'><strong>si—</strong></span> 
     </span>
     <span class='ocr_line' id='line_1_29' title="bbox 569 3282 2778 3385; baseline 0.002 -27"><span class='ocrx_word' id='word_1_271' title='bbox 569 3294 1045 3381; x_wconf 81' lang='lat' dir='ltr'><strong>gnificationem</strong></span> <span class='ocrx_word' id='word_1_272' title='bbox 1092 3298 1328 3381; x_wconf 89' lang='lat' dir='ltr'><strong>optime</strong></span> <span class='ocrx_word' id='word_1_273' title='bbox 1374 3282 1788 3384; x_wconf 84' lang='lat' dir='ltr'><strong>cognoscitur</strong></span> <span class='ocrx_word' id='word_1_274' title='bbox 1833 3319 1908 3362; x_wconf 89' lang='lat' dir='ltr'><strong>ex</strong></span> <span class='ocrx_word' id='word_1_275' title='bbox 1954 3296 2103 3363; x_wconf 92' lang='lat' dir='ltr'><strong>loco</strong></span> <span class='ocrx_word' id='word_1_276' title='bbox 2137 3296 2471 3363; x_wconf 85' lang='lat' dir='ltr'><strong>Platonico</strong></span> <span class='ocrx_word' id='word_1_277' title='bbox 2517 3297 2596 3363; x_wconf 88' lang='lat' dir='ltr'><strong>de</strong></span> <span class='ocrx_word' id='word_1_278' title='bbox 2639 3320 2778 3385; x_wconf 87' lang='lat' dir='ltr'><strong>rep.</strong></span> 
     </span>
     <span class='ocr_line' id='line_1_30' title="bbox 568 3396 2779 3487; baseline 0.003 -26"><span class='ocrx_word' id='word_1_279' title='bbox 568 3398 696 3461; x_wconf 86' lang='lat' dir='ltr'><strong>Vll</strong></span> <span class='ocrx_word' id='word_1_280' title='bbox 721 3401 847 3463; x_wconf 78' lang='lat'><strong>514</strong></span> <span class='ocrx_word' id='word_1_281' title='bbox 864 3398 922 3478; x_wconf 89' lang='lat' dir='ltr'><strong>b,</strong></span> <span class='ocrx_word' id='word_1_282' title='bbox 956 3399 1035 3464; x_wconf 85' lang='lat' dir='ltr'><strong>cf.</strong></span> <span class='ocrx_word' id='word_1_283' title='bbox 1060 3398 1316 3465; x_wconf 81' lang='lat' dir='ltr'><strong>Ruhnk.</strong></span> <span class='ocrx_word' id='word_1_284' title='bbox 1341 3399 1421 3464; x_wconf 88' lang='lat' dir='ltr'><strong>ad</strong></span> <span class='ocrx_word' id='word_1_285' title='bbox 1452 3402 1616 3465; x_wconf 89' lang='lat' dir='ltr'><strong>Tim.</strong></span> <span class='ocrx_word' id='word_1_286' title='bbox 1646 3399 1764 3464; x_wconf 85' lang='lat' dir='ltr'><strong>lex.</strong></span> <span class='ocrx_word' id='word_1_287' title='bbox 1789 3400 1948 3467; x_wconf 86' lang='lat' dir='ltr'><strong>Plat.</strong></span> <span class='ocrx_word' id='word_1_288' title='bbox 1981 3423 2031 3468; x_wconf 82' lang='grc' dir='ltr'><strong>ε.</strong></span> <span class='ocrx_word' id='word_1_289' title='bbox 2053 3426 2113 3466; x_wconf 83' lang='lat' dir='ltr'><strong>v.</strong></span> <span class='ocrx_word' id='word_1_290' title='bbox 2136 3396 2484 3486; x_wconf 74' lang='grc' dir='ltr'><strong><em>θαύματα.</em></strong></span> <span class='ocrx_word' id='word_1_291' title='bbox 2541 3401 2779 3487; x_wconf 84' lang='lat' dir='ltr'><strong>Quem-</strong></span> 
     </span>
     <span class='ocr_line' id='line_1_31' title="bbox 571 3500 2782 3593; baseline 0.003 -28"><span class='ocrx_word' id='word_1_292' title='bbox 571 3500 928 3581; x_wconf 87' lang='lat' dir='ltr'><strong>admodum,</strong></span> <span class='ocrx_word' id='word_1_293' title='bbox 976 3507 1066 3568; x_wconf 86' lang='lat' dir='ltr'><strong>ait</strong></span> <span class='ocrx_word' id='word_1_294' title='bbox 1096 3503 1493 3583; x_wconf 69' lang='lat' dir='ltr'><strong>Aristotelea,</strong></span> <span class='ocrx_word' id='word_1_295' title='bbox 1535 3515 1929 3589; x_wconf 80' lang='lat' dir='ltr'><strong>spectatores</strong></span> <span class='ocrx_word' id='word_1_296' title='bbox 1975 3527 2299 3571; x_wconf 86' lang='lat' dir='ltr'><strong>causarum</strong></span> <span class='ocrx_word' id='word_1_297' title='bbox 2344 3509 2548 3593; x_wconf 80' lang='lat' dir='ltr'><strong>ignari</strong></span> <span class='ocrx_word' id='word_1_298' title='bbox 2585 3505 2782 3571; x_wconf 85' lang='lat' dir='ltr'><strong>admi-</strong></span> 
     </span>
     <span class='ocr_line' id='line_1_32' title="bbox 526 3606 2780 3694; baseline 0.002 -23"><span class='ocrx_word' id='word_1_299' title='bbox 526 3606 535 3613; x_wconf 82' lang='grc'><em>’</em></span> <span class='ocrx_word' id='word_1_300' title='bbox 569 3616 791 3671; x_wconf 89' lang='lat' dir='ltr'><strong>rantur</strong></span> <span class='ocrx_word' id='word_1_301' title='bbox 833 3606 1168 3673; x_wconf 87' lang='lat' dir='ltr'><strong>simulacra</strong></span> <span class='ocrx_word' id='word_1_302' title='bbox 1212 3608 1338 3685; x_wconf 89' lang='lat' dir='ltr'><strong>illa,</strong></span> <span class='ocrx_word' id='word_1_303' title='bbox 1384 3628 1547 3692; x_wconf 89' lang='lat' dir='ltr'><strong>quae</strong></span> <span class='ocrx_word' id='word_1_304' title='bbox 1590 3611 2107 3694; x_wconf 83' lang='lat' dir='ltr'><strong>praestigiatores</strong></span> <span class='ocrx_word' id='word_1_305' title='bbox 2143 3609 2383 3674; x_wconf 86' lang='lat' dir='ltr'><strong>fidibus</strong></span> <span class='ocrx_word' id='word_1_306' title='bbox 2420 3609 2523 3674; x_wconf 86' lang='lat' dir='ltr'><strong>vel</strong></span> <span class='ocrx_word' id='word_1_307' title='bbox 2563 3612 2780 3676; x_wconf 83' lang='lat' dir='ltr'><strong>nervis</strong></span> 
     </span>
     <span class='ocr_line' id='line_1_33' title="bbox 574 3709 2781 3805; baseline 0.004 -33"><span class='ocrx_word' id='word_1_308' title='bbox 574 3709 843 3805; x_wconf 59' lang='lat' dir='ltr'><strong>occvltis</strong></span> <span class='ocrx_word' id='word_1_309' title='bbox 873 3721 1151 3788; x_wconf 82' lang='lat' dir='ltr'><strong>movent,</strong></span> <span class='ocrx_word' id='word_1_310' title='bbox 1180 3721 1251 3775; x_wconf 84' lang='lat' dir='ltr'><strong>ut</strong></span> <span class='ocrx_word' id='word_1_311' title='bbox 1281 3720 1507 3795; x_wconf 87' lang='lat' dir='ltr'><strong>suapte</strong></span> <span class='ocrx_word' id='word_1_312' title='bbox 1538 3721 1772 3794; x_wconf 88' lang='lat' dir='ltr'><strong>sponte</strong></span> <span class='ocrx_word' id='word_1_313' title='bbox 1802 3717 2043 3777; x_wconf 88' lang='lat' dir='ltr'><strong>moveri</strong></span> <span class='ocrx_word' id='word_1_314' title='bbox 2073 3711 2411 3778; x_wconf 84' lang='lat' dir='ltr'><strong>videantur</strong></span> <span class='ocrx_word' id='word_1_315' title='bbox 2439 3709 2781 3793; x_wconf 81' lang='grc' dir='ltr'><strong><em>(ταύτό-</em></strong></span> 
     </span>
     <span class='ocr_line' id='line_1_34' title="bbox 568 3811 2780 3904; baseline 0.003 -29"><span class='ocrx_word' id='word_1_316' title='bbox 568 3835 789 3897; x_wconf 86' lang='grc' dir='ltr'><strong><em>ματα</em></strong></span> <span class='ocrx_word' id='word_1_317' title='bbox 832 3813 963 3879; x_wconf 62' lang='lat' dir='ltr'><strong>nav</strong></span> <span class='ocrx_word' id='word_1_318' title='bbox 1006 3815 1144 3893; x_wconf 57' lang='lat' dir='ltr'><strong>affl),</strong></span> <span class='ocrx_word' id='word_1_319' title='bbox 1189 3817 1279 3876; x_wconf 90' lang='lat' dir='ltr'><strong>ita</strong></span> <span class='ocrx_word' id='word_1_320' title='bbox 1322 3811 1480 3876; x_wconf 88' lang='lat' dir='ltr'><strong>solis</strong></span> <span class='ocrx_word' id='word_1_321' title='bbox 1523 3823 1735 3878; x_wconf 86' lang='lat' dir='ltr'><strong>motus</strong></span> <span class='ocrx_word' id='word_1_322' title='bbox 1776 3826 1841 3880; x_wconf 87' lang='lat' dir='ltr'><strong>et</strong></span> <span class='ocrx_word' id='word_1_323' title='bbox 1869 3815 1991 3880; x_wconf 88' lang='lat' dir='ltr'><strong>alia</strong></span> <span class='ocrx_word' id='word_1_324' title='bbox 2019 3815 2087 3881; x_wconf 88' lang='lat' dir='ltr'><strong>id</strong></span> <span class='ocrx_word' id='word_1_325' title='bbox 2118 3838 2325 3904; x_wconf 87' lang='lat' dir='ltr'><strong>genus</strong></span> <span class='ocrx_word' id='word_1_326' title='bbox 2360 3815 2780 3883; x_wconf 88' lang='lat' dir='ltr'><strong>admiratione</strong></span> 
     </span>
     <span class='ocr_line' id='line_1_35' title="bbox 575 3913 2780 4006; baseline 0.004 -28"><span class='ocrx_word' id='word_1_327' title='bbox 575 3935 688 3979; x_wconf 89' lang='lat' dir='ltr'><strong>eos</strong></span> <span class='ocrx_word' id='word_1_328' title='bbox 733 3913 1014 4000; x_wconf 89' lang='lat' dir='ltr'><strong>implent,</strong></span> <span class='ocrx_word' id='word_1_329' title='bbox 1059 3939 1207 3982; x_wconf 90' lang='lat' dir='ltr'><strong>num</strong></span> <span class='ocrx_word' id='word_1_330' title='bbox 1251 3938 1404 3982; x_wconf 87' lang='lat' dir='ltr'><strong>vere</strong></span> <span class='ocrx_word' id='word_1_331' title='bbox 1447 3918 1536 3981; x_wconf 86' lang='lat' dir='ltr'><strong>ita</strong></span> <span class='ocrx_word' id='word_1_332' title='bbox 1581 3939 1685 3982; x_wconf 88' lang='lat' dir='ltr'><strong>res</strong></span> <span class='ocrx_word' id='word_1_333' title='bbox 1730 3941 1802 3983; x_wconf 89' lang='lat' dir='ltr'><strong>se</strong></span> <span class='ocrx_word' id='word_1_334' title='bbox 1844 3918 2079 3986; x_wconf 87' lang='lat' dir='ltr'><strong>habere</strong></span> <span class='ocrx_word' id='word_1_335' title='bbox 2123 3925 2349 4006; x_wconf 81' lang='lat' dir='ltr'><strong>possit.</strong></span> <span class='ocrx_word' id='word_1_336' title='bbox 2416 3922 2600 3986; x_wconf 86' lang='lat' dir='ltr'><strong>Hanc</strong></span> <span class='ocrx_word' id='word_1_337' title='bbox 2640 3921 2780 3987; x_wconf 85' lang='lat' dir='ltr'><strong>fere</strong></span> 
     </span>
     <span class='ocr_line' id='line_1_36' title="bbox 575 4018 2783 4109; baseline 0.004 -27"><span class='ocrx_word' id='word_1_338' title='bbox 575 4039 716 4082; x_wconf 90' lang='lat' dir='ltr'><strong>esse</strong></span> <span class='ocrx_word' id='word_1_339' title='bbox 759 4018 1096 4084; x_wconf 87' lang='lat' dir='ltr'><strong>verborum</strong></span> <span class='ocrx_word' id='word_1_340' title='bbox 1144 4024 1521 4087; x_wconf 85' lang='lat' dir='ltr'><strong>sententiam</strong></span> <span class='ocrx_word' id='word_1_341' title='bbox 1567 4020 1755 4085; x_wconf 79' lang='lat' dir='ltr'><strong>facile</strong></span> <span class='ocrx_word' id='word_1_342' title='bbox 1800 4035 2097 4109; x_wconf 83' lang='lat' dir='ltr'><strong>apparet,</strong></span> <span class='ocrx_word' id='word_1_343' title='bbox 2154 4023 2272 4089; x_wconf 88' lang='lat' dir='ltr'><strong>sed</strong></span> <span class='ocrx_word' id='word_1_344' title='bbox 2318 4023 2594 4090; x_wconf 87' lang='lat' dir='ltr'><strong>dativum</strong></span> <span class='ocrx_word' id='word_1_345' title='bbox 2639 4034 2783 4103; x_wconf 80' lang='grc' dir='ltr'><strong><em>τοῖς</em></strong></span> 
     </span>
     <span class='ocr_line' id='line_1_37' title="bbox 578 4118 2784 4213; baseline 0.004 -29"><span class='ocrx_word' id='word_1_346' title='bbox 578 4159 657 4172; x_wconf 91' lang='grc'>-</span> <span class='ocrx_word' id='word_1_347' title='bbox 704 4118 1152 4209; x_wconf 72' lang='grc' dir='ltr'><strong><em>τεθεωρηκόσι</em></strong></span> <span class='ocrx_word' id='word_1_348' title='bbox 1194 4147 1322 4211; x_wconf 90' lang='lat' dir='ltr'><strong>quo</strong></span> <span class='ocrx_word' id='word_1_349' title='bbox 1368 4124 1770 4190; x_wconf 85' lang='lat' dir='ltr'><strong>referendum</strong></span> <span class='ocrx_word' id='word_1_350' title='bbox 1815 4137 2048 4212; x_wconf 87' lang='lat' dir='ltr'><strong>putem,</strong></span> <span class='ocrx_word' id='word_1_351' title='bbox 2092 4139 2164 4192; x_wconf 89' lang='lat' dir='ltr'><strong>ut</strong></span> <span class='ocrx_word' id='word_1_352' title='bbox 2206 4140 2352 4213; x_wconf 89' lang='lat' dir='ltr'><strong>apta</strong></span> <span class='ocrx_word' id='word_1_353' title='bbox 2396 4128 2501 4192; x_wconf 83' lang='lat' dir='ltr'><strong>vel</strong></span> <span class='ocrx_word' id='word_1_354' title='bbox 2546 4128 2784 4193; x_wconf 90' lang='lat' dir='ltr'><strong>tolera-</strong></span> 
     </span>
     <span class='ocr_line' id='line_1_38' title="bbox 573 4222 2779 4319; baseline 0.005 -32"><span class='ocrx_word' id='word_1_355' title='bbox 573 4222 720 4289; x_wconf 87' lang='lat' dir='ltr'><strong>bilis</strong></span> <span class='ocrx_word' id='word_1_356' title='bbox 766 4230 1022 4291; x_wconf 89' lang='lat' dir='ltr'><strong>exsistat</strong></span> <span class='ocrx_word' id='word_1_357' title='bbox 1064 4232 1383 4293; x_wconf 88' lang='lat' dir='ltr'><strong>enunciati</strong></span> <span class='ocrx_word' id='word_1_358' title='bbox 1424 4229 1849 4295; x_wconf 77' lang='lat' dir='ltr'><strong>conformatio</strong></span> <span class='ocrx_word' id='word_1_359' title='bbox 1886 4236 2304 4317; x_wconf 83' lang='lat' dir='ltr'><strong>grammatica,</strong></span> <span class='ocrx_word' id='word_1_360' title='bbox 2347 4252 2483 4297; x_wconf 91' lang='lat' dir='ltr'><strong>non</strong></span> <span class='ocrx_word' id='word_1_361' title='bbox 2514 4253 2779 4319; x_wconf 77' lang='lat' dir='ltr'><strong>possum</strong></span> 
     </span>
     <span class='ocr_line' id='line_1_39' title="bbox 575 4331 2779 4421; baseline 0.005 -31"><span class='ocrx_word' id='word_1_362' title='bbox 575 4331 874 4413; x_wconf 85' lang='lat' dir='ltr'><strong>reperire.</strong></span> <span class='ocrx_word' id='word_1_363' title='bbox 945 4332 1281 4417; x_wconf 84' lang='lat' dir='ltr'><strong>Aptissime</strong></span> <span class='ocrx_word' id='word_1_364' title='bbox 1325 4331 1578 4418; x_wconf 89' lang='lat' dir='ltr'><strong>quidem</strong></span> <span class='ocrx_word' id='word_1_365' title='bbox 1625 4332 1784 4397; x_wconf 88' lang='lat' dir='ltr'><strong>haec</strong></span> <span class='ocrx_word' id='word_1_366' title='bbox 1823 4334 2020 4398; x_wconf 85' lang='lat' dir='ltr'><strong>verba</strong></span> <span class='ocrx_word' id='word_1_367' title='bbox 2051 4346 2189 4412; x_wconf 78' lang='grc' dir='ltr'><strong><em>τοῖς</em></strong></span> <span class='ocrx_word' id='word_1_368' title='bbox 2215 4331 2412 4421; x_wconf 87' lang='grc' dir='ltr'><strong><em>μήπω</em></strong></span> <span class='ocrx_word' id='word_1_369' title='bbox 2443 4337 2593 4400; x_wconf 75' lang='grc' dir='ltr'><strong><em>τεθ.</em></strong></span> <span class='ocrx_word' id='word_1_370' title='bbox 2622 4358 2680 4400; x_wconf 95' lang='grc' dir='ltr'><strong>τ.</strong></span> <span class='ocrx_word' id='word_1_371' title='bbox 2713 4360 2779 4401; x_wconf 88' lang='grc' dir='ltr'><strong>α.</strong></span> 
     </span>
     <span class='ocr_line' id='line_1_40' title="bbox 577 4435 2782 4520; baseline 0.004 -25"><span class='ocrx_word' id='word_1_372' title='bbox 577 4441 642 4502; x_wconf 82' lang='lat' dir='ltr'><strong>et</strong></span> <span class='ocrx_word' id='word_1_373' title='bbox 685 4454 825 4497; x_wconf 89' lang='lat' dir='ltr'><strong>cum</strong></span> <span class='ocrx_word' id='word_1_374' title='bbox 871 4440 1271 4520; x_wconf 82' lang='lat' dir='ltr'><strong>grammatica</strong></span> <span class='ocrx_word' id='word_1_375' title='bbox 1318 4437 1636 4502; x_wconf 88' lang='lat' dir='ltr'><strong>enunciati</strong></span> <span class='ocrx_word' id='word_1_376' title='bbox 1683 4435 1882 4504; x_wconf 80' lang='lat' dir='ltr'><strong>forma</strong></span> <span class='ocrx_word' id='word_1_377' title='bbox 1926 4448 1992 4502; x_wconf 88' lang='lat' dir='ltr'><strong>et</strong></span> <span class='ocrx_word' id='word_1_378' title='bbox 2020 4459 2158 4503; x_wconf 88' lang='lat' dir='ltr'><strong>cum</strong></span> <span class='ocrx_word' id='word_1_379' title='bbox 2189 4442 2644 4507; x_wconf 85' lang='lat' dir='ltr'><strong>sententiarum</strong></span> <span class='ocrx_word' id='word_1_380' title='bbox 2677 4460 2782 4505; x_wconf 90' lang='lat' dir='ltr'><strong>or-</strong></span> 
     </span>
    </p>
   </div>
  </div>
 </body>
</html>
