3109 5175
576 364 716 439 140
1414 363 1489 436 Β
1534 361 1608 435 2.
1682 360 1910 434 9961).

569 548 872 627 promptu
905 549 1018 605 est.
1083 538 1158 604 In
1185 540 1403 625 priore
1429 536 1851 603 conclusione
1880 538 2241 623 propositio
2272 536 2494 613 maior,
2523 544 2595 601 nt
2621 555 2776 600 vere

573 642 931 709 Alexander
973 641 1227 721 iudicat,
1271 640 1435 707 falso
1480 645 1777 716 sumitur3
1823 662 2095 726 namque
2134 643 2594 705 contrariorum
2631 661 2776 703 ean-

571 747 715 811 dem
764 768 903 811 esse
947 748 1272 810 scientiam
1316 756 1536 809 notum
1585 754 1683 809 est
1714 743 2074 809 Aristotelis
2119 744 2439 830 placitum,
2484 742 2565 808 cf.
2610 742 2677 806 Γ
2710 744 2774 807 2.

573 852 782 916 10040
805 852 867 914 9.
913 849 984 912 Κ
1005 851 1067 913 3.
1097 851 1305 913 10610
1333 850 1434 912 19.
1483 851 1604 911 An.
1628 870 1722 932 pr.
1748 848 1778 910 1
1806 849 1912 911 36.
1942 848 2060 912 481»
2086 851 2146 912 5.
2186 857 2353 933 post.
2381 847 2411 909 1
2443 848 2502 911 7.
2529 848 2646 911 75⁶
2673 846 2775 911 13.

572 954 740 1038 Top.
760 952 791 1016 1
823 953 924 1016 14.
950 953 1111 1031 1050
1134 953 1240 1016 33.
1284 951 1345 1014 II
1371 952 1433 1015 3.
1463 952 1620 1014 110⁶
1642 953 1748 1014 20.
1794 949 1948 1013 VIII
1979 953 2035 1014 1.
2063 952 2221 1016 155⁶
2244 952 2347 1014 31.
2395 951 2497 1014 13.
2529 950 2693 1014 1630
2710 950 2774 1013 2.

570 1057 762 1142 Phys.
783 1056 937 1118 Vlll
971 1055 1029 1118 1.
1055 1056 1223 1120 2510
1248 1057 1354 1120 30.
1394 1055 1537 1118 Eth.
1559 1054 1641 1117 N.
1663 1054 1726 1114 V
1754 1055 1811 1119 l.
1844 1055 2053 1118 11290
2083 1055 2197 1129 14;
2228 1052 2344 1118 sed
2372 1051 2573 1139 longe
2602 1050 2777 1116 aliud

570 1159 674 1222 hic
701 1162 902 1243 sumit,
941 1178 1131 1243 quum
1167 1179 1322 1223 non
1354 1178 1496 1221 esse
1527 1155 1793 1220 eandem
1822 1159 2146 1220 scientiam
2179 1159 2399 1221 statuit
2431 1157 2588 1219 nisi
2627 1174 2780 1218 con-

570 1264 927 1327 trariorum.
983 1263 1056 1326 In
1085 1261 1284 1326 altera
1317 1262 1865 1347 argumentatione
1901 1263 2197 1344 quoniam
2235 1281 2269 1323 a
2301 1256 2662 1345 particulari
2695 1255 2779 1321 ad

570 1363 928 1429 universale
969 1364 1049 1428 fit
1092 1363 1451 1441 conclusio,
1504 1364 1708 1426 omnis
1754 1360 2148 1428 desideratur
2192 1360 2621 1426 concludendi
2667 1381 2779 1424 ne-

572 1471 850 1531 cessitas.

701 1573 870 1636 9960
911 1570 999 1633 32
1050 1568 1209 1632 τῶν
1263 1568 1689 1657 σοφιστῶν
1744 1589 1965 1658 τινες
2022 1564 2202 1634 οἷον
2250 1566 2779 1653 Ἀρίστιππος

569 1666 1226 1758 προεπηλάκιζεν
1270 1667 1540 1748 αὐτάς.
1602 1669 1979 1735 Aristoteles
2015 1692 2204 1757 quum
2241 1672 2647 1756 sophisticam
2683 1691 2780 1733 ar-

572 1786 697 1840 tem
738 1798 772 1838 a
808 1773 1215 1860 philosophia
1254 1773 1516 1839 differre
1555 1772 1727 1838 dicat
1759 1775 1880 1839 τοῦ
1911 1774 2067 1857 βίου
2103 1777 2181 1864 τῇ
2220 1777 2596 1860 προαιρέσει
2624 1772 2692 1836 Γ
2712 1775 2775 1838 2.

574 1868 776 1944 loo-{b
801 1880 906 1957 24,
951 1898 1086 1942 non
1131 1880 1445 1942 immerito
1479 1877 1865 1962 Aristippum
1906 1877 2033 1940 hoc
2074 1880 2332 1941 nomine
2376 1886 2576 1941 notat.
2644 1876 2778 1961 Qui

571 1979 746 2066 quod
802 1981 1296 2045 mathematicam
1355 1990 1698 2066 propterea
1760 1979 1994 2045 dicitur
2034 1979 2417 2068 neglexisse,
2476 1983 2620 2065 quia
2667 1978 2776 2043 illa

568 2082 727 2149 honi
786 2088 1172 2148 mentionem
1231 2086 1492 2149 omnino
1544 2103 1681 2149 non
1726 2083 1946 2161 faciat,
2003 2081 2155 2147 alibi
2202 2083 2368 2147 idem
2415 2086 2470 2146 si
2512 2102 2647 2147 non
2694 2081 2775 2147 de

569 2187 1034 2265 mathematica,
1091 2197 1157 2250 at
1214 2196 1383 2251 certe
1442 2186 1525 2251 de
1581 2188 1845 2272 physica
1901 2189 2196 2253 universe
2241 2197 2558 2251 narratum
2601 2185 2777 2250 vide-

569 2312 736 2369 mus,
784 2300 848 2354 et
892 2294 975 2353 ita
1023 2289 1305 2375 quidem,
1359 2300 1430 2354 ut
1470 2289 1631 2354 haec
1676 2293 2022 2354 contemtio
2068 2292 2264 2355 artius
2312 2292 2647 2355 coniuncta
2693 2291 2779 2353 sit

571 2416 710 2457 cum
756 2392 1127 2479 placitorum
1163 2393 1466 2478 Aristippi
1509 2392 1751 2457 indole.
1834 2392 1912 2456 cf.
1955 2393 2125 2457 Sext.
2168 2393 2348 2478 Emp.
2398 2390 2541 2458 adv.
2574 2390 2775 2455 Math.

570 2497 696 2560 Vll
734 2499 831 2561 11.
871 2518 932 2583 p.
968 2497 1113 2571 192,
1145 2497 1251 2560 25.
1284 2494 1430 2559 mm
1477 2497 1936 2582 παραπέμπειν
1980 2496 2049 2559 δὲ
2091 2490 2170 2559 τὸ
2216 2488 2496 2583 φυσικὸν
2538 2496 2653 2558 καὶ
2695 2487 2774 2559 τὸ

571 2597 833 2684 λογικὸν
893 2597 979 2677 ὡς
1030 2600 1255 2684 μηθὲν
1309 2592 1473 2685 πρὸς
1516 2594 1594 2664 τὸ
1641 2594 2039 2682 εὐδαιμόνως
2080 2600 2273 2681 βιοῦν
2314 2601 2774 2684 συνεργοῦντα.

570 2703 766 2790 Diog.
814 2704 885 2766 L.
926 2702 985 2766 11
1028 2705 1133 2767 92.
1202 2700 1413 2766 Zeller
1459 2701 1569 2768 Ph.
1617 2700 1677 2767 d.
1724 2702 1840 2767 Gr.
1887 2703 1965 2766 11.
2012 2726 2075 2789 p.
2111 2704 2259 2768 125.

703 2809 863 2873 996⁶
892 2809 927 2871 I
975 2799 1183 2870 ἀλλὰ
1225 2798 1382 2889 μὴν
1414 2807 1619 2870 -25
1663 2800 1971 2871 τούτων
2008 2810 2373 2871 ἕκαστον.
2450 2805 2773 2891 Quoniam

572 2908 903 2975 dialectice
948 2907 1234 2997 singulae
1279 2912 1685 2995 quaestiones
1731 2907 2178 2995 disceptantur,
2219 2912 2361 2975 iure
2399 2919 2467 2974 et
2499 2931 2572 2974 ex
2609 2911 2777 2974 simi-

570 3012 844 3079 litudine
906 3010 1284 3098 reliquarum
1348 3032 1552 3097 prope
1610 3014 1886 3076 omnium
1946 3016 2383 3096 quaestionum
2444 3023 2774 3099 exspectes

575 3115 998 3192 Aristotelem,
1044 3123 1377 3199 postquam
1418 3113 1666 3178 diversa
1710 3134 2030 3180 causarum
2073 3138 2308 3204 genera
2346 3138 2480 3181 non
2512 3120 2623 3181 uni
2661 3115 2776 3181 do-

573 3221 813 3284 ctrinae
857 3216 1136 3282 subiecta
1178 3216 1412 3294 docuit,
1453 3219 1574 3281 iam
1615 3220 1680 3281 in
1719 3216 1979 3282 alteram
2017 3230 2260 3305 partem
2297 3219 2775 3304 disputaturum,

573 3332 646 3387 ut
674 3342 802 3386 uon
835 3342 1027 3407 posse
1058 3319 1368 3386 diversam
1402 3341 1542 3384 esse
1568 3318 1960 3389 diversorum
1993 3344 2219 3388 causae
2244 3343 2548 3410 generum
2575 3325 2779 3388 scien-

572 3429 722 3491 tiam
768 3446 909 3489 esse
954 3423 1350 3510 comprobet.
1439 3422 1571 3488 Sed
1616 3424 1695 3489 ab
1742 3448 1815 3489 ea
1862 3429 1963 3490 via
2008 3435 2118 3490 aut
2160 3424 2405 3490 recedit
2448 3436 2558 3491 aut
2600 3425 2776 3492 vide·

574 3541 676 3594 tur
720 3539 891 3594 certe
934 3527 1235 3593 recedere
1282 3526 1675 3592 Aristoteles.
1768 3528 1853 3592 At
1893 3532 1947 3592 si
1990 3527 2232 3613 plures,
2279 3532 2393 3607 ait,
2446 3539 2778 3613 ponuntur

573 3654 897 3698 causarum
945 3631 1274 3700 doctrinae
1319 3641 1386 3694 et
1426 3651 1536 3693 sua
1582 3633 1805 3716 cuique
1842 3635 2066 3719 generi
2102 3633 2364 3696 scientia
2399 3634 2774 3719 assignatur·

574 3738 897 3823 quaeritur
939 3759 1123 3822 quam
1169 3736 1560 3822 potissimum
1609 3754 1683 3797 ex
1728 3734 1826 3797 his
1874 3734 2177 3802 doctrinis
2226 3756 2362 3798 eam
2407 3756 2546 3802 esse
2592 3745 2775 3819 pute-

572 3861 728 3918 mus,
775 3862 957 3924 quam
1004 3861 1175 3905 nunc
1219 3839 1591 3924 quaerimus,
1635 3838 1894 3923 primam
1942 3838 2427 3924 philosophiam.
2518 3840 2774 3905 Etenim

575 3963 763 4026 quum
809 3942 946 4006 fieri
994 3945 1200 4028 possit
1243 3950 1314 4005 ut
1355 3944 1423 4005 in
1470 3940 1689 4004 eadem
1736 3962 1824 4019 re,
1876 3962 2036 4026 quae
2080 3944 2517 4029 investigatur,
2562 3948 2773 4009 omnia

575 4066 899 4110 causarum
958 4067 1193 4133 genera
1251 4055 1622 4121 cernantur,
1680 4046 1734 4107 si
1789 4047 2107 4129 sequimur
2163 4048 2502 4131 opiniones
2554 4045 2636 4111 de
2679 4069 2775 4111 sa-

575 4150 810 4233 pientia
848 4159 1030 4213 antea
1069 4151 1385 4235 expositas
1433 4151 1542 4228 (ὲκ
1586 4149 1714 4213 τῶν
1756 4144 1968 4211 πάλαι
2002 4149 2441 4234 διωρισμένων
2475 4151 2578 4228 ὀΒ,
2623 4150 2775 4215 διω-

575 4252 788 4336 ρίσθη
824 4253 983 4329 ῠ14,
1029 4252 1108 4316 cf.
1154 4253 1226 4318 Α
1260 4253 1372 4333 2),
1426 4249 1662 4314 habere
1707 4251 2022 4329 videmur,
2083 4274 2194 4316 cur
2237 4255 2424 4317 unius
2469 4256 2772 4339 cuiusque

576 4375 802 4418 causae
857 4357 1182 4419 scientiam
1241 4358 1630 4441 potissimam
1688 4364 1754 4418 et
1806 4358 2158 4442 primariam
2219 4377 2359 4420 esse
2409 4366 2772 4423 statuamus.

576 4456 827 4524 Causae
856 4457 1068 4523 finalis
1098 4461 1386 4548 cognitio
1420 4457 1678 4543 reliquis
1706 4456 1961 4524 videtur
1991 4458 2407 4544 praeferenda
2439 4481 2599 4539 esse,
2626 4463 2772 4547 quia
