3109 5175
596 328 698 404 20

595 504 772 571 leant
815 504 1167 592 quibusque
1213 506 1383 571 inter
1421 527 1494 571 se
1533 506 1886 573 rationibus
1927 507 2314 574 cohaereant
2349 507 2799 596 disputandum

595 631 756 676 esse.
832 611 1173 675 Praeterea
1218 613 1271 675 si
1316 633 1438 697 qua
1485 621 1582 675 est
1623 610 1767 676 libri
1813 612 1883 677 K
1927 617 2268 678 auctoritas
2317 616 2380 678 in
2426 613 2798 680 definiendo

594 712 911 778 uberioris
957 712 1404 800 disputationis
1451 714 1708 794 ordine,
1767 720 1952 783 sicuti
1999 716 2129 782 illic
2178 721 2524 803 expositum
2570 721 2801 805 princi-

598 821 769 904 pium
819 816 1341 883 contradictionis
1387 822 1694 885 continuo
1739 823 2026 905 sequitur
2069 820 2518 907 philosophiae
2561 826 2802 909 primae

597 921 891 986 definitio
951 934 1016 986 et
1074 926 1238 987 entis
1295 921 1683 1007 disquisitio,
1739 926 1823 988 ita
1886 922 2112 989 librum
2159 926 2223 989 E
2260 936 2412 1011 post
2468 928 2672 1012 ipsum
2729 926 2802 990 li·

596 1026 777 1090 hrum
831 1026 898 1090 Γ
947 1025 1316 1112 ponendum
1374 1047 1584 1111 neque
1643 1024 1813 1092 aliud
1872 1027 2207 1114 quidquam
2266 1029 2798 1115 interponendum

596 1151 739 1194 esse
786 1140 1282 1194 consentaneum
1330 1140 1442 1193 est.

730 1232 983 1319 Quodsi
1044 1237 1182 1320 quis
1238 1234 1336 1297 his
1393 1243 1604 1297 motus
1664 1234 2020 1299 rationibus
2064 1245 2306 1300 mutato
2354 1235 2657 1301 librorum
2702 1258 2802 1301 or-

598 1335 749 1400 dine
796 1335 1021 1401 librum
1054 1338 1108 1401 A
1150 1336 1408 1422 reliquis
1454 1334 1748 1400 omnibus
1787 1359 2188 1424 praeponere
2223 1339 2539 1405 induxerit
2573 1343 2638 1404 in
2672 1343 2802 1404 ani-

596 1462 782 1518 mum,
827 1461 909 1503 ne
954 1443 1047 1503 sic
1087 1440 1338 1525 quidem
1377 1460 1598 1504 omnes
1635 1438 2066 1507 dubitationes
2097 1443 2421 1508 videbitur
2454 1442 2799 1509 sustulisse.

596 1545 763 1609 Nam
807 1547 859 1608 si
907 1542 986 1607 ad
1033 1548 1292 1630 primam
1336 1543 1804 1631 philosophiam
1852 1556 2182 1630 paraturus
2230 1547 2464 1612 aditum
2496 1550 2802 1612 Aristote-

597 1647 693 1712 les
740 1646 1197 1713 vocabulorum
1246 1646 1640 1734 quorundam
1686 1650 1925 1712 varium
1980 1671 2160 1713 usum
2214 1653 2512 1736 persequi
2566 1649 2803 1715 voluis-

599 1763 713 1831 set,
758 1772 832 1816 ea
879 1753 1166 1816 nimirum
1209 1751 1526 1816 vocabula
1574 1749 1725 1838 eligi
1772 1774 1888 1835 par
1924 1762 2076 1831 erat,
2122 1774 2388 1839 quorum
2423 1757 2800 1841 praecipuus

599 1865 768 1921 esset
810 1858 877 1920 in
921 1854 1039 1919 hac
1084 1854 1531 1942 philosophiae
1575 1865 1755 1940 parte
1803 1876 1971 1918 usus.
2046 1858 2230 1921 Hanc
2265 1879 2421 1923 vero
2455 1855 2678 1945 legem,
2721 1855 2801 1920 ab

596 1962 736 2045 ipsa
781 1961 875 2022 rei
921 1970 1145 2024 natura
1189 1962 1514 2044 scriptam,
1575 1982 1797 2045 parum
1854 1958 2140 2025 videmus
2184 1960 2585 2025 observatam
2632 1981 2800 2035 esse3

596 2083 806 2149 neque
843 2065 1007 2127 enim
1046 2084 1268 2127 omnes
1305 2073 1681 2148 persecutus
1719 2074 1816 2128 est
1859 2066 2174 2142 notiones,
2220 2087 2376 2149 quas
2419 2068 2558 2130 iure
2599 2067 2801 2150 requi-

596 2169 822 2264 rimus,
864 2165 1067 2231 veluti
1115 2187 1307 2253 aegre
1354 2165 1785 2232 desideramus
1830 2166 2141 2232 vocabula
2189 2166 2388 2247 εἶδος,
2431 2164 2587 2247 ὕλη,
2631 2163 2802 2253 ὅρος,

595 2273 661 2333 τί
706 2272 874 2345 ἐστι,
916 2272 1203 2352 ἐνέργεια
1249 2267 1360 2346 al.,
1405 2280 1471 2333 et
1514 2267 1746 2333 adiecit
1788 2268 1927 2347 alia,
1981 2292 2248 2356 quorum
2296 2284 2404 2338 aut
2448 2269 2658 2336 nullus
2706 2280 2803 2335 est

599 2382 709 2436 aut
753 2370 1092 2436 admodum
1139 2374 1403 2456 exiguus
1446 2375 1513 2436 in
1557 2376 1759 2457 prima
1798 2372 2208 2460 philosophia
2245 2396 2412 2454 usus,
2455 2374 2657 2440 veluti
2691 2396 2802 2439 κο-

596 2470 819 2559 λοβός,
863 2470 1185 2550 διάθεσις,
1231 2475 1396 2558 ἔχειν
1441 2473 1519 2539 al.
1607 2477 1691 2540 Et
1736 2481 1999 2541 omnino
2048 2482 2101 2543 si
2147 2482 2283 2565 quis
2328 2477 2803 2555 vocabulorum,

598 2600 867 2666 quorum
914 2601 1093 2644 usum
1143 2581 1401 2664 exponit
1430 2579 1825 2660 Aristoteles,
1867 2581 1972 2646 vel
2019 2580 2331 2648 delectum
2371 2582 2476 2648 vel
2512 2580 2799 2648 ordinem

598 2683 680 2748 ad
727 2693 960 2746 certam
1006 2682 1316 2768 quandam
1363 2682 1571 2770 legem
1617 2682 1857 2749 referre
1901 2690 2277 2771 susceperit,
2323 2707 2583 2773 operam
2627 2686 2804 2751 vide-

599 2798 703 2852 tur
747 2785 1049 2872 perdere;
1106 2786 1257 2872 quid
1302 2787 1476 2873 quod
1525 2790 1709 2853 etiam
1756 2788 2149 2877 singulorum
2196 2790 2656 2856 vocabulorum
2701 2811 2803 2854 ex-

596 2890 859 2978 plicatio
920 2888 1283 2974 disputandi
1340 2890 1693 2956 subtilitate
1749 2880 1947 2980 longe
1994 2906 2090 2957 est
2135 2902 2198 2957 et
2239 2893 2522 2980 physicis
2567 2904 2634 2960 et
2675 2914 2805 2959 me-

598 2993 945 3080 taphysicis
992 2993 1173 3057 libris
1218 2994 1484 3061 inferior
1511 2996 1595 3075 ¹).
1645 3032 1724 3046 -
1786 2996 2008 3081 ltaque
2059 2999 2348 3084 suspicor
2392 2995 2802 3063 Aristotelem

599 3099 726 3162 hoc
781 3100 848 3162 in
905 3096 1072 3162 libro
1132 3097 1287 3162 nihil
1341 3096 1512 3162 aliud
1560 3100 1680 3162 nisi
1727 3102 2128 3186 congessisse
2170 3104 2572 3166 usitatissima
2616 3122 2805 3188 quae-

598 3200 744 3267 dam
789 3200 1117 3278 vocabula‚
1164 3200 1339 3266 nulla
1386 3212 1555 3266 certa
1603 3204 1852 3266 ratione
1897 3201 2150 3268 ductum
2196 3225 2403 3291 neque
2448 3209 2514 3269 in
2548 3204 2801 3270 delectu

602 3325 810 3392 neque
855 3308 920 3369 in
967 3305 1196 3369 ordine
1242 3304 1665 3385 instituenda,
1725 3317 1790 3370 et
1832 3306 2002 3371 hunc
2057 3312 2571 3373 commentarium
2626 3328 2804 3372 seor-

600 3412 717 3473 sim
762 3411 1087 3494 scripsisse
1146 3420 1217 3473 ut
1274 3431 1480 3495 neque
1524 3432 1665 3475 cum
1710 3411 1995 3496 physicis
2038 3432 2247 3497 neque
2291 3434 2432 3477 cum
2475 3411 2803 3498 metaphy-

600 3516 748 3577 sicis
806 3512 983 3576 libris
1041 3517 1276 3578 artiore
1322 3513 1596 3599 quodam
1645 3526 1943 3579 contextu
1990 3516 2378 3580 cohaereret.
2423 3554 2510 3566 ——
2565 3516 2670 3581 De
2715 3514 2806 3579 al-

598 3627 742 3682 tero
774 3621 981 3703 capite
1015 3615 1157 3681 libri
1194 3617 1262 3695 A,
1293 3617 1465 3702 quod
1497 3620 1654 3703 ipsis
1681 3618 1898 3682 verbis
1929 3622 2210 3683 concinit
2239 3640 2379 3684 cum
2409 3619 2600 3704 Phys.
2634 3620 2709 3697 11,
2741 3621 2801 3697 3,

602 3720 834 3785 dictum
882 3731 977 3782 est
1021 3723 1087 3782 in
1136 3724 1605 3784 commentario.

731 3822 860 3887 lam
919 3826 1178 3887 semotis
1239 3843 1312 3886 ex
1364 3843 1566 3907 opere
1612 3824 2046 3910 metaphysico
2094 3824 2189 3890 his
2236 3824 2488 3890 duobus
2535 3824 2710 3891 libris
2753 3851 2800 3890 α

599 3935 666 3989 et
694 3926 763 4001 A,
812 3924 1165 3991 accedimus
1200 3925 1281 3990 ad
1317 3925 1545 3990 librum
1585 3927 1643 3992 I.
1719 3927 1817 3991 lbi
1862 3929 2176 4015 explicato
2221 3932 2402 3994 vario
2434 3951 2569 4010 usu,
2615 3953 2801 4017 quem

600 4026 981 4093 vocabulum
1038 4032 1293 4093 unitatis
1350 4028 1610 4110 habeat,
1669 4030 2094 4118 philosophus
2151 4055 2313 4120 quae
2370 4037 2454 4097 sit
2503 4036 2799 4121 princeps

604 4134 737 4195 eius
783 4134 964 4197 notio
1012 4134 1369 4219 investigat,
1415 4155 1679 4221 eamque
1725 4135 2028 4201 adversus
2062 4137 2296 4224 placita
2325 4136 2800 4203 Platonicorum

603 4244 669 4299 et
698 4234 1247 4321 Pythagoreorum
1281 4245 1511 4302 tuetur.
1577 4238 1835 4304 Deinde
1880 4244 2207 4306 notionem
2253 4243 2514 4307 unitatis
2555 4264 2673 4329 per
2701 4266 2803 4307 ca·

713 4458 779 4529 1)
813 4462 890 4516 Cf.
928 4484 1056 4535 quae
1092 4464 1321 4519 adnotavi
1357 4468 1421 4518 ad
1456 4467 1504 4523 A
1545 4484 1590 4523 1.
1634 4483 1660 4523 4
1700 4470 1760 4520 al.
