3109 5175
573 364 718 440 554
812 337 819 342 ”
1391 361 1608 439 Ms.
1692 363 1960 440 1083b.

572 563 687 631 pra
730 545 998 629 exposui
1042 540 1125 606 ad
1150 544 1214 606 6.
1246 542 1451 608 10806
1475 543 1584 606 14.
1658 541 1846 628 Quos
1890 551 1963 608 ut
2005 541 2242 609 refutet
2276 543 2401 623 Ar„
2445 563 2583 612 non
2624 542 2794 609 illud

572 652 648 713 fis
694 650 984 734 opponit,
1030 645 1208 734 qnod
1251 646 1671 711 mathematici
1715 658 1942 712 natura
1985 651 2232 713 numeri
2267 647 2501 715 idonea
2536 667 2672 715 non
2705 652 2794 714 sit

574 751 653 817 ad
684 751 1098 817 substantiam
1126 773 1338 816 rerum
1366 754 1648 817 omnium
1680 748 2126 831 definiendam,
2151 750 2273 817 sed
2301 755 2635 831 internam,
2663 775 2792 840 qua

573 855 901 934 laborent,
957 859 1440 944 repugnantiam
1499 856 1910 921 demonstrat.
2003 856 2368 922 Posnerunt
2423 860 2592 922 enim
2634 867 2794 923 tam-

575 983 759 1046 quam
804 963 1181 1047 principium
1226 961 1647 1026 mathematici
1692 964 1937 1026 numeri
1977 980 2116 1024 non
2160 960 2531 1048 simpliciter
2574 982 2795 1047 quam-

572 1063 732 1129 libet
774 1068 1115 1144 unitatem,
1157 1062 1274 1130 sed
1316 1068 1748 1142 retinuerunt,
1793 1061 1967 1151 qnod
2012 1063 2197 1129 Plato
2242 1075 2575 1143 statuerat,
2622 1062 2793 1131 αὐτὸ

574 1163 650 1234 τὸ
698 1173 771 1233 ἕν
803 1169 956 1247 «224,
1002 1169 1060 1233 h.
1093 1189 1148 1233 e.
1196 1167 1324 1233 tale
1360 1190 1570 1248 unum,
1618 1167 1791 1254 quod
1823 1167 1980 1233 nihil
2012 1167 2185 1234 aliud
2214 1170 2302 1233 sit
2328 1171 2447 1234 nisi
2477 1169 2548 1235 id
2580 1173 2792 1257 ipsum

576 1282 643 1337 et
673 1275 854 1338 cuius
884 1272 1237 1337 substantia
1266 1283 1566 1338 cernatur
1609 1277 1682 1337 ὲν
1723 1273 1817 1354 τῷ
1860 1273 1958 1337 ἑνὶ
1996 1268 2182 1336 εἶναι.
2259 1273 2345 1338 At
2372 1277 2428 1337 si
2456 1273 2622 1341 hanc
2647 1278 2794 1340 uni-

577 1385 789 1455 tatem,
829 1398 866 1439 a
895 1377 1327 1442 mathematica
1358 1376 1568 1463 probe
1604 1375 2136 1464 distinguendam,
2171 1398 2290 1462 pro
2320 1381 2640 1465 principio
2667 1399 2793 1466 po-

576 1490 854 1559 suerunt,
898 1501 1032 1544 non
1078 1480 1404 1548 debebant
1446 1480 1603 1546 inde
1648 1502 1949 1548 numeros
1991 1480 2364 1567 simpliciter
2395 1484 2791 1549 mathemati-

577 1606 690 1649 eos
735 1594 1045 1672 repetere,
1091 1584 1205 1650 sed
1248 1584 1578 1673 singulare
1621 1584 1939 1673 quoddam
1970 1605 2177 1673 genus
2206 1606 2610 1667 numerorum
2640 1587 2793 1652 sub-

576 1688 977 1769 stantialium,
1007 1710 1142 1754 non
1174 1688 1449 1776 dyadem
1479 1689 1852 1776 simpliciter
1879 1690 2396 1770 mathematicam,
2425 1691 2542 1755 sed
2571 1688 2791 1758 δυάδα

575 1787 726 1858 mo}
769 1788 1034 1879 πρώτην
1069 1795 1223 1873 «30,
1261 1795 1376 1871 38,
1435 1794 1495 1858 h.
1536 1815 1593 1860 e.
1640 1793 1918 1881 dyadem
1963 1799 2267 1880 quaesit
2312 1794 2665 1861 substantia
2712 1817 2792 1861 ac

577 1901 975 1985 principium.
1064 1897 1268 1984 Quod
1323 1901 1520 1985 igitur
1575 1908 1982 1964 recesserunt
2034 1919 2072 1962 a
2117 1898 2422 1978 Platoue;
2477 1899 2792 1988 deprava-

577 2013 743 2082 runt,
778 2003 944 2078 ⁶323
991 2002 1165 2088 quod
1208 2021 1545 2068 commune
1589 2023 1731 2068 cum
1777 2023 1859 2068 eo
1903 2001 2157 2083 habent,
2197 2014 2390 2069 ante-a
2437 2014 2536 2070 est
2572 2023 2792 2070 excus-

578 2128 731 2184 sum,
772 2109 926 2172 «135.

610 2229 617 2240 ’
674 2213 794 2291 Ἣ)
840 2211 1045 2277 loffit
1073 2213 1288 2304 1.'·*·3·'
1364 2211 1501 2297 Qui
1545 2229 1706 2276 vero
1748 2231 1785 2275 e
1815 2210 2166 2276 Platonicis
2208 2211 2340 2277 duo
2377 2231 2786 2278 numerorum

577 2337 834 2404 genera,
880 2315 958 2379 ab
1002 2319 1147 2400 ipso
1177 2315 1451 2381 Platone
1495 2324 1678 2380 caute
1724 2325 1792 2379 et
1821 2314 2174 2401 prudenter
2217 2316 2530 2395 distincta,
2575 2313 2788 2381 ideale

580 2431 645 2485 et
687 2419 1221 2498 mathematicum,
1277 2423 1345 2484 in
1390 2417 1559 2484 idem
1606 2417 1953 2484 voluerunt
1997 2423 2419 2509 coniungere,
2471 2421 2550 2486 cf.
2596 2420 2676 2485 ad
2723 2423 2787 2485 6.

582 2525 785 2591 Ιῦθθὺ
814 2524 935 2601 22,
991 2525 1038 2588 ii
1093 2525 1384 2589 nimirum
1440 2545 1605 2611 quae
1657 2527 1723 2588 in
1769 2534 2035 2611 utraque
2079 2526 2390 2590 sententia
2437 2523 2595 2590 falsa
2638 2535 2792 2591 sunt

576 2632 1075 2694 coniunxerunt:
1149 2628 1212 2691 Is
1252 2630 1452 2708 enim,
1510 2650 1698 2715 quem
1742 2632 1835 2694 sic
1879 2628 2258 2708 conficiunt,
2309 2650 2607 2696 numerus
2651 2650 2790 2695 non

580 2743 679 2798 est
731 2752 885 2798 vere
936 2732 1442 2813 mathematicus,
1498 2732 1614 2798 sed
1668 2734 1942 2819 profecti
2001 2755 2035 2797 a
2089 2736 2422 2820 principiis
2474 2733 2599 2799 sihi
2641 2754 2790 2820 pro-

575 2840 748 2924 priiS,
791 2859 914 2903 nec
954 2836 1405 2902 mathematicis
1451 2838 1664 2917 (ἰδίας
1705 2834 2064 2913 ὑποθέσεις
2105 2835 2517 2921 ὑποθέμενοι
2555 2840 2657 2917 ὂ5,
2706 2837 2787 2903 cf.

580 2941 643 3005 6.
682 2940 887 3007 10801»
912 2942 1032 3008 28:
1079 2938 1158 3007 οὐ
1199 2942 1747 3027 μαθηματικῶς),
1793 2954 2030 3007 temere
2073 2952 2418 3030 nugantur.
2498 2944 2622 3023 (bo
2659 2966 2792 3027 μη·-

579 3040 809 3123 κύνειν,
853 3048 963 3109 int.
996 3040 1216 3128 λόγον,
1261 3044 1547 3110 similiter
1583 3048 1822 3110 omisso
1868 3044 2126 3110 obiecto
2157 3044 2396 3134 legitur
2424 3046 2596 3132 apud
2625 3045 2787 3112 Plat.

579 3168 717 3233 rep.
750 3147 847 3211 lv
876 3149 1005 3213 437
1021 3168 1076 3227 a,
1120 3148 1200 3211 cf.
1234 3157 1666 3234 μακροποιεῖν
1698 3152 1779 3215 Ν
1796 3150 1858 3213 3.
1890 3150 2095 3215 1θ9οῠ
2119 3151 2206 3215 30
2220 3156 2265 3232 ).
2344 3152 2438 3215 Ac
2468 3161 2679 3216 tamen
2709 3154 2792 3245 εξ-

581 3248 730 3329 mul,
772 3254 1070 3337 quoniam
1115 3251 1386 3316 eundem
1432 3274 1757 3317 numerum
1804 3251 2073 3317 idealem
2117 3275 2256 3319 esse
2286 3253 2530 3335 volunt,
2575 3259 2644 3320 in
2673 3276 2790 3320 eos

585 3358 769 3419 etiam
813 3356 1101 3425 incidunt
1145 3378 1413 3435 errores,
1463 3357 1693 3443 quibus
1736 3354 2037 3423 idealium
2081 3378 2492 3425 numerorum
2536 3362 2792 3447 patroni

583 3459 850 3527 obnoxii
894 3471 1062 3527 sunt.

716 3652 796 3720 C.
870 3653 1437 3743 Pythagoreorum
1474 3654 1779 3719 doctrina
1812 3653 2219 3741 reprobatur,
2256 3654 2462 3720 loeab
2483 3653 2745 3719 8-19,

716 3773 1266 3863 Pythagoreorum
1315 3775 1397 3840 de
1443 3777 1721 3840 numeris
1769 3773 2060 3840 doctrina
2105 3772 2259 3861 quid
2299 3772 2556 3840 differat
2586 3796 2621 3838 a
2650 3773 2792 3839 Pla-

586 3882 800 3945 tonica
846 3878 923 3944 cf.
964 3880 1026 3944 6.
1069 3881 1269 3945 108οὺ
1298 3882 1400 3946 16.
1490 3879 1624 3965 Qui
1670 3879 1844 3966 quod
1888 3900 2216 3960 numeros,
2275 3883 2385 3966 qui
2430 3901 2639 3945 rerum
2683 3900 2795 3943 na·

585 3993 786 4049 turam
833 3985 1251 4063 constituant,
1295 4006 1431 4051 non
1476 3988 1888 4050 seiunxerunt
1930 4007 1968 4049 a
2011 3984 2201 4050 rebus
2246 3982 2682 4061 sensibilibus,
2723 3980 2794 4047 id

585 4086 838 4174 quidem
885 4089 991 4152 Ar.
1038 4089 1301 4176 probat3
1351 4092 1580 4155 etenim
1627 4086 1767 4152 fieri
1813 4110 1948 4154 non
1991 4099 2225 4177 potest,
2267 4099 2340 4154 ut
2383 4091 2666 4153 seiuncta
2711 4089 2797 4151 sit

586 4193 938 4257 substantia
984 4194 1078 4256 rei
1124 4193 1203 4256 ab
1250 4196 1390 4279 ipsa
1434 4215 1520 4271 re,
1570 4194 1747 4256 cuius
1794 4204 1891 4256 est
1919 4193 2285 4271 substantia,
2331 4194 2410 4257 cf.
2445 4194 2506 4257 Z
2529 4194 2593 4258 6.
2660 4189 2793 4256 Sed

588 4316 723 4361 eam
771 4299 1039 4386 castigat
1083 4294 1419 4375 levitatem,
1464 4317 1603 4383 qua,
1651 4317 1838 4382 quum
1885 4317 2157 4384 corpora
2203 4320 2239 4363 e
2277 4299 2574 4373 numeris,
2621 4306 2685 4361 et
2717 4298 2794 4359 iis

587 4402 841 4486 quidem
886 4401 1363 4478 mathematicis,
1403 4401 1563 4478 ⁶12,
1623 4399 2023 4467 conformare
2067 4401 2190 4467 sibi
2234 4400 2635 4481 viderentur,
2693 4420 2795 4465 ex·

585 4509 896 4572 tensionis
944 4505 1372 4572 dimensiones
1419 4527 1456 4570 e
1501 4518 1727 4571 natura
1771 4527 2176 4573 numerorum
2207 4509 2620 4594 repetierunt.
2687 4505 2798 4570 Ait
