3109 5175
606 360 751 438 538
1419 366 1527 437 Μ
1568 360 1637 436 5.
1720 358 1909 435 1079
1924 360 1991 434 b.

605 537 932 625 disputare
976 548 1043 604 et
1086 541 1170 604 ita
1212 541 1465 605 veritati
1504 540 2025 626 appropinquare
2062 548 2308 627 potest3
2354 538 2469 606 sed
2508 561 2585 605 ea
2624 560 2833 626 quum

603 653 830 731 postea
870 642 1119 708 demum
1157 643 1280 724 (ef.
1313 644 1385 708 A
1412 646 1474 709 6.
1506 643 1837 723 98ῗό38),
1882 652 1952 708 ut
1986 653 2121 708 erat
2152 665 2189 707 a
2224 643 2532 729 sophistis
2564 642 2647 707 ad
2687 639 2834 708 elu-

605 747 907 825 dendam,
952 769 986 811 a
1032 746 1305 812 Platone
1348 748 1429 814 ad
1471 745 1922 818 inveniendam
1967 749 2297 812 veritatem
2345 759 2647 833 usurpata
2694 747 2832 829 (cf.

603 851 870 938 Heyder
902 851 1050 915 krit.
1085 852 1299 918 Darst.
1334 853 1363 916 1
1403 853 1466 917 1.
1491 841 1568 938 p.
1596 851 1797 930 1255,
1857 849 1935 915 ab
1982 848 2333 916 Aristotele
2378 853 2691 916 scientiae
2741 849 2834 916 ad
2914 897 2925 906 -

604 957 867 1022 formam
900 954 1158 1021 redacta
1195 966 1379 1036 esset,
1423 956 1722 1021 Socrates
1764 955 2077 1042 profecto,
2122 966 2197 1020 ut
2228 953 2676 1020 ratiocinando
2708 953 2833 1019 ali·

605 1061 759 1150 quid
801 1064 1092 1127 invenire
1133 1071 1387 1148 posset,
1432 1064 1500 1125 in
1547 1057 1928 1128 definiendis
1975 1059 2350 1125 notionibus
2394 1060 2659 1145 primam
2710 1057 2832 1124 de-

604 1166 800 1233 bebat
842 1187 918 1230 ae
949 1168 1356 1253 praecipuam
1395 1185 1657 1251 operam
1695 1162 2036 1230 collocare.
2112 1165 2279 1245 (⁶²6
2323 1164 2456 1228 τῶν
2499 1164 2831 1228 ἐναντίων

605 1273 739 1336 κτλ.
785 1270 863 1335 ef.
897 1267 980 1333 ad
1008 1267 1076 1333 B
1105 1271 1167 1333 2.
1197 1272 1369 1335 996·
1392 1270 1541 1349 20.)
1611 1270 1873 1334 Praeter
1911 1268 2322 1334 definitiones
2358 1270 2655 1332 inventos
2694 1270 2830 1352 pri-

603 1397 773 1440 mum
819 1397 856 1438 a
901 1374 1168 1438 Socrate
1215 1374 1321 1438 Ar.
1382 1373 1536 1440 dicit
1588 1367 1742 1450 τοὺς
1795 1367 2179 1449 ἐπακτικοὺς
2234 1368 2471 1456 λόγους
2508 1373 2678 1450 028,
2738 1370 2824 1436 cf.

605 1477 878 1544 Brendis
923 1476 1157 1543 Gesch.
1203 1478 1265 1542 11
1312 1482 1370 1544 1.
1416 1502 1479 1565 p.
1513 1480 1617 1544 5⁰.
1667 1513 1745 1530 --
1794 1479 1924 1542 lam
1970 1477 2085 1541 has¹
2129 1474 2572 1555 definitiones,
2616 1498 2653 1539 a
2700 1475 2827 1541 So·

608 1592 780 1648 crate
808 1584 1155 1669 praecipuo
1186 1582 1402 1647 studio
1435 1585 1863 1671 investigatas,
1898 1579 2089 1647 Plato
2122 1583 2397 1646 seiunxit
2428 1582 2536 1668 <pol
2570 1576 2632 1644 δ’
2660 1574 2826 1665 ἐχώ-

606 1707 819 1773 ρισαν,
864 1686 941 1752 cf.
975 1684 1058 1751 ad
1087 1686 1159 1750 A
1187 1687 1250 1750 6.
1280 1688 1442 1754 98711
1466 1690 1548 1767 8)
1598 1709 1633 1751 a
1678 1708 1887 1751 rerum
1934 1683 2326 1754 sensibilium
2366 1686 2825 1750 communione

608 1801 675 1856 et
715 1801 1029 1878 tamquam
1073 1790 1460 1856 substantias
1502 1813 1619 1878 per
1662 1812 1732 1855 se
1778 1811 1921 1855 esee
1964 1792 2204 1855 statuit.

743 1897 945 1964 1078⁶
967 1896 1056 1960 32
1089 1891 1290 1961 ὥστε
1323 1933 1411 1948 --
1443 1898 1504 1961 5.
1541 1895 1752 1961 loeo·
1780 1897 1859 1960 11
1897 1895 2589 1980 τεθεωρημένοις.
2654 1894 2819 1959 Eae-

607 1999 751 2067 dem
795 2003 1080 2066 rationes
1115 1998 1197 2065 ad
1235 1998 1604 2066 refutandas
1635 1997 1921 2063 Platonis
1957 1996 2136 2063 ideas
2175 2020 2383 2085 prope
2421 1996 2643 2063 iisd·-
2680 2018 2822 2062 ver-

607 2104 710 2170 bis
737 2105 859 2188 (cf.
881 2126 1169 2191 prooem.
1196 2128 1255 2191 p.
1274 2107 1380 2171 27.
1422 2104 1585 2171 Obs.
1610 2126 1673 2190 p.
1697 2105 1824 2182 67)
1858 2104 2187 2188 expositae
2216 2112 2367 2168 sunt
2393 2104 2464 2167 Α
2494 2105 2557 2168 9.
2588 2104 2818 2168 990ὸό

607 2212 870 2274 -991ῠ
893 2213 953 2288 9,
993 2208 1102 2276 ubi
1142 2230 1247 2274 eas
1283 2209 1542 2274 uberius
1580 2206 1870 2294 explicui.
1934 2209 2143 2272 Pauca
2174 2216 2414 2273 tantum
2444 2205 2643 2271 verba
2668 2206 2820 2271 huic

605 2312 774 2378 libro
820 2323 970 2379 sunt
1003 2317 1263 2401 propria
1300 2315 1502 2379 1079b
1525 2314 1569 2378 3
1609 2317 1663 2377 εὶ
1697 2312 1767 2377 δὲ
1805 2305 1890 2376 τὰ
1934 2348 2013 2364 --
2051 2313 2134 2378 11
2172 2315 2377 2395 γένος,
2422 2331 2586 2396 quae
2624 2331 2812 2396 quum

607 2416 1056 2482 Aristoteleam
1089 2418 1371 2482 referant
1397 2414 1879 2504 argumentandi
1911 2418 2224 2481 rationem
2260 2426 2325 2479 et
2354 2437 2494 2480 eum
2526 2417 2618 2492 iis,
2655 2434 2816 2499 quae

607 2523 896 2608 proxime
939 2531 1090 2587 sunt
1134 2521 1471 2608 disputata,
1519 2522 1839 2607 aptissime
1885 2523 2240 2599 concinant,
2283 2521 2491 2608 primo
2537 2521 2602 2583 in
2647 2517 2814 2583 libro

609 2629 846 2693 omissa
901 2649 1040 2693 esse
1087 2626 1326 2692 Trend.
1375 2625 1455 2691 de
1500 2626 1585 2691 id.
1631 2650 1692 2712 p.
1726 2628 1815 2690 2⁴2
1871 2646 2006 2691 non
2062 2629 2200 2690 sine
2259 2626 2546 2690 veritatis
2602 2626 2818 2710 specie

609 2734 981 2817 suspicatur.
1040 2732 1290 2796 Etenim
1323 2741 1530 2809 antea,
1566 2733 1777 2796 1079a
1800 2731 2100 2809 33—153,
2132 2727 2512 2795 Aristoteles
2542 2749 2677 2793 non
2708 2729 2819 2793 mi-

607 2856 803 2903 nores
849 2838 1149 2901 exsistere
1194 2833 1602 2900 difficultates
1646 2833 2120 2912 demonstravit,
2163 2838 2297 2925 sive
2330 2835 2471 2919 quis
2500 2831 2678 2896 ideas
2708 2852 2819 2896 na-

610 2950 791 3007 turae
836 2963 911 3006 ac
955 2942 1270 3017 notionis,
1329 2942 1465 3005 sive
1514 2941 1788 3004 nominis
1835 2949 2075 3003 tantum
2124 2940 2631 3003 communionem
2679 2957 2819 3002 cum

609 3045 799 3110 rebus
844 3042 1251 3109 sensibilibus
1297 3042 1534 3108 habere
1580 3044 1886 3108 statuerit.
1974 3043 2102 3109 Iam
2151 3040 2330 3107 addit
2375 3062 2457 3106 ne
2501 3061 2639 3105 eam
2686 3042 2820 3125 qui-

611 3148 756 3213 dem
799 3152 964 3213 viem
1009 3147 1296 3231 relinqui,
1341 3167 1528 3232 quam
1575 3150 1717 3232 quis
1760 3148 1937 3232 quasi
1976 3145 2245 3211 mediam
2282 3148 2452 3210 inter
2484 3155 2818 3230 utrumque
2929 3191 2959 3225 0

609 3251 862 3341 ingredi
906 3251 1023 3316 sibi
1071 3270 1267 3336 posse
1302 3250 1610 3328 videatur,
1654 3260 1727 3315 ut
1761 3250 1946 3329 dicat,
1992 3253 2320 3316 notionem
2364 3249 2547 3314 ideae
2584 3246 2820 3328 circuli,

607 3367 684 3422 ut
727 3357 852 3422 boc
896 3366 1145 3421 utamur
1188 3353 1509 3441 exemplo,
1570 3357 1943 3440 ceteroquin
1994 3354 2260 3420 eandem
2306 3375 2448 3420 esse
2492 3375 2568 3418 ee
2610 3355 2821 3419 notio-

609 3482 757 3526 nem
817 3458 1239 3526 universalem
1300 3458 1680 3524 circulorum
1737 3458 2160 3538 sensibilium,
2218 3458 2332 3525 sed
2388 3456 2695 3524 accedere
2738 3455 2821 3522 ad

607 3569 948 3641 notionem
989 3564 1176 3629 ideae
1221 3563 1441 3629 circuli
1485 3564 1628 3641 hoc,
1658 3562 2002 3648 .quod.est
2047 3562 2369 3649 exemplar
2410 3560 2822 3639 sensibilium,

607 3665 692 3735 τὸ
739 3666 798 3733 δ’
838 3660 918 3735 οὗ
963 3670 1100 3733 ἐστὶ
1143 3664 1678 3753 προστεθήσεται
1720 3670 1824 3733 ὅθ.
1913 3669 2059 3733 Hoc
2111 3671 2278 3732 enim
2323 3684 2586 3754 prorsus
2630 3667 2820 3730 inane

615 3792 755 3838 esse
801 3772 1145 3837 contendit.
1227 3774 1390 3837 Nam
1437 3793 1627 3857 quum
1675 3774 1856 3837 notio
1902 3772 2023 3837 τοῦ
2065 3768 2467 3837 αὐτοκύκλου
2511 3791 2585 3834 ex
2630 3768 2821 3856 pluri-

614 3876 732 3942 bus
778 3881 950 3942 notis
997 3880 1346 3963 composita
1394 3880 1504 3955 sit,
1550 3899 1813 3962 quarum
1859 3895 2151 3961 quaeque
2198 3885 2263 3940 et
2302 3876 2443 3961 ipsa
2488 3873 2677 3939 ideae
2720 3874 2821 3937 ha-

612 3979 767 4046 beat
822 3981 1195 4069 dignitatem
1253 3991 1319 4045 et
1374 3993 1693 4046 aeternam
1740 3986 2054 4059 naturam,
2113 3983 2338 4045 cui··ex
2383 3979 2479 4045 his
2525 3977 2823 4043 adiicien-

616 4084 766 4150 dum
824 4088 906 4150 sit
960 4084 1119 4151 illud
1177 4084 1701 4167 additamentum,
1756 4106 1895 4150 non
1937 4093 2161 4172 potest
2201 4082 2476 4149 decerni.
2566 4079 2822 4149 Deinde

614 4188 774 4254 illud
811 4189 1302 4255 additamentum
1340 4212 1528 4275 quum
1567 4199 1765 4255 notae
1803 4188 1950 4253 loco
1987 4178 2299 4261 inclusuiu
2335 4191 2421 4254 sit
2451 4190 2520 4252 in
2556 4189 2825 4253 notione

616 4293 818 4372 ideae,
855 4306 922 4358 et
953 4298 1156 4380 ipsum
1197 4293 1521 4379 oportebit
1554 4293 1760 4358 ideam
1796 4314 1937 4357 esse
1970 4291 2092 4373 (cf.
2124 4291 2206 4357 ed
2234 4293 2295 4356 Z
2317 4295 2421 4358 14.
2457 4292 2659 4358 lossflb
2688 4293 2823 4370 11),

615 4410 692 4463 ut
731 4392 810 4463 τὸ
851 4395 1272 4485 παράδειγμα
1317 4393 1516 4474 εἶναι,
1572 4398 1868 4482 quoniam
1912 4396 2000 4463 ad
2044 4417 2269 4465 omnes
2315 4400 2593 4484 pertinet
2633 4393 2827 4473 ideas,

618 4512 931 4589 tamquam
975 4502 1119 4568 iden
1158 4501 1461 4588 ponenda
1502 4503 1586 4566 sit
1620 4502 1689 4565 in
1725 4504 1953 4568 ceteris
1986 4499 2340 4569 dominans.
2409 4497 2611 4586 Quod
2641 4520 2825 4587 quam
