3109 5175
526 368 623 444 72
1376 370 1453 440 A
1500 364 1571 440 4.
1648 364 1877 441 9841».

526 584 614 597 —
647 546 751 611 Μ.
834 545 1209 631 Leucippus
1252 554 1316 610 et
1360 543 1802 624 Democritus,
1841 542 2103 629 plenum
2151 549 2215 606 et
2256 542 2456 606 inane
2489 544 2743 628 princi-

514 653 644 736 pio
689 672 833 715 esse
872 673 1093 714 rerum
1134 650 1303 742 rati,
1359 671 1444 713 ex
1480 645 1721 735 sor-ma
1762 648 1896 711 situ
1939 646 2171 711 ordine
2211 646 2744 730 corpusculorum

526 753 970 818 diversitatem
1012 775 1231 816 rerum
1278 752 1761 837 explicuerunt,
1815 750 1898 814 de
1946 751 2214 815 molt-ica
2256 771 2463 813 cuasa
2497 772 2744 836 porum

525 856 796 922 solliciti
838 893 929 907 -
971 855 1117 920 ῠ22.

658 976 822 1041 984ῠ
845 976 933 1040 23
968 968 1510 1040 ὑποπτεύσειε
1547 967 1608 1037 δ’
1643 965 1744 1038 ἄν
1783 994 1906 1048 τις
1933 1007 2009 1020 -
2050 971 2139 1036 32
2167 972 2480 1055 κρίνειν
2507 965 2746 1039 ὕστε-

527 1101 696 1166 ρον.
764 1075 1088 1143 Hesiodus
1132 1080 1198 1142 in
1243 1077 1594 1163 theogonia
1639 1100 1699 1141 v.
1736 1075 2111 1140 116-120
2142 1084 2208 1137 et
2236 1073 2644 1140 Parmenides
2677 1077 2745 1139 in

532 1204 605 1248 ea
651 1193 833 1269 parte
879 1181 1202 1258 carminis,
1259 1201 1378 1265 qua
1420 1178 1749 1264 ⁸accedens
1805 1177 1886 1243 ad
1929 1176 2256 1265 vulgarem
2305 1181 2744 1264 opinationem

530 1288 1010 1374 generationem
1055 1283 1270 1349 studet
1315 1282 1631 1369 explicare
1667 1307 1728 1346 v.
1765 1284 1885 1347 131
1938 1282 2165 1360 Kar-st„
2210 1280 2386 1367 quod
2431 1283 2745 1362 Amorem,

520 1384 795 1476 “Ἐρωτα,
839 1408 960 1474 pro
1006 1389 1322 1474 principio
1368 1396 1742 1473 posuerunt,
1789 1407 1903 1450 eos
1947 1384 2150 1450 simile
2195 1384 2362 1473 quid,
2405 1377 2484 1449 τὸ
2526 1387 2746 1450 τοιοῦ-

524 1515 669 1572 τον,
700 1492 1086 1577 quaesivisse
1117 1489 1493 1556 Aristoteles
1524 1492 1899 1576 suspicatur.
1962 1491 2036 1553 ln
2068 1492 2433 1574 suspicione
2464 1491 2749 1574 acquies-

534 1598 634 1673 cit,
666 1617 788 1660 uec
815 1615 938 1682 pro
974 1606 1149 1659 certo
1182 1592 1520 1690 quidquam
1551 1596 1769 1665 statuit
1790 1602 2152 1680 propterea,
2183 1591 2359 1679 quod
2391 1590 2746 1656 fabularum

533 1698 878 1764 involucris
922 1701 1061 1783 ipsa
1108 1696 1361 1762 obtecta
1409 1708 1507 1762 est
1550 1697 1776 1761 horum
1815 1699 2097 1762 virorum
2139 1698 2474 1760 sententia.
2544 1692 2747 1778 Quod

534 1793 744 1867 autem
791 1800 946 1866 dicit
991 1794 1064 1866 τὸ
1109 1804 1411 1866 τοιοῦτον
1454 1800 1732 1881 ζητῆσαι
1777 1798 2178 1864 referendum
2222 1809 2319 1863 est
2353 1796 2436 1862 ad
2472 1808 2747 1862 extrema

535 1908 884 1991 superioris
944 1904 1167 1990 capitis
1226 1902 1455 1979 verba;
1515 1908 1622 1990 qui
1670 1905 1964 1969 Amorem
2024 1905 2089 1966 in
2147 1905 2473 1990 principiis
2516 1923 2750 1989 posue-
2849 1905 2876 1922 ⁸

533 2018 714 2087 runt,
774 2031 909 2074 eam
956 2008 1407 2095 quaesiverunt
1451 2030 1730 2086 causam,
1786 2029 1949 2095 quae
2009 2006 2230 2072 eadem
2289 2017 2352 2071 et
2393 2005 2603 2070 finalis
2651 2016 2751 2071 est

539 2122 605 2178 et
647 2133 930 2177 movens.
1021 2110 1415 2196 Quamquam
1472 2105 1638 2176 enim
1685 2111 1803 2178 sub
1846 2111 2038 2176 finem
2084 2110 2270 2175 huius
2318 2112 2749 2196 expositionis,

537 2237 701 2303 quae
747 2227 844 2281 est
891 2215 973 2279 de
1018 2214 1312 2279 Hesiodo
1362 2226 1426 2280 et
1468 2214 1872 2294 Parmenide,
1917 2217 2103 2280 unice
2147 2216 2473 2278 motricem
2517 2216 2751 2300 princi-

535 2321 627 2406 pii
674 2331 958 2383 naturam
1004 2317 1348 2405 significat,
1406 2320 1628 2385 αἰτίαν
1685 2314 1828 2399 ἥτις
1870 2312 2117 2396 κινήσει
2171 2319 2282 2383 καὶ
2342 2312 2606 2396 συνάξει
2662 2312 2751 2382 τοὶ

534 2418 898 2507 πράγματα
931 2422 1077 2498 ⁶30,
1126 2433 1333 2486 tamen
1383 2434 1447 2486 et
1487 2422 1777 2507 profecta
1809 2431 1907 2486 est
1935 2421 2093 2485 haec
2124 2421 2470 2508 disputatio
2504 2443 2538 2484 a
2575 2441 2751 2485 men*

538 2527 717 2590 tione
762 2546 990 2591 causae
1033 2524 1244 2590 finalis
1281 2526 1382 2603 ⁶8,
1429 2536 1495 2590 et
1539 2525 1841 2612 deinceps
1888 2524 1970 2590 ad
2017 2524 2282 2591 eandem
2329 2524 2510 2604 redit,
2557 2547 2748 2611 quum

536 2628 992 2715 Empedoclem
1023 2628 1494 2717 pulchritudine
1526 2641 1593 2694 et
1623 2629 2025 2694 deformitate
2043 2617 2320 2693 'nami-ae
2344 2632 2582 2715 pariter
2607 2650 2752 2715 spe-

538 2742 705 2798 ctata
753 2732 833 2796 ad
878 2732 1112 2820 duplex
1157 2734 1530 2819 principium
1579 2731 1921 2798 deductum
1962 2755 2102 2798 esse
2136 2731 2291 2797 dicit
2325 2734 2457 2807 ⁶32
2496 2755 2629 2817 sqq.
2665 2769 2748 2784 —

537 2835 1018 2902 Parmenideum
1076 2856 1328 2901 versum
1375 2858 1565 2922 quum
1612 2836 1718 2901 alii
1771 2840 1955 2902 etiam
2001 2839 2344 2922 scriptores
2391 2835 2752 2914 adhibeant,

538 2939 619 3004 cf.
668 2939 879 3005 Karst.
925 2938 1006 3003 ad
1051 2936 1095 3004 l.
1140 2937 1214 3018 1.,
1267 2960 1571 3025 nusquam
1618 2949 1825 3005 tamen
1873 2940 2022 3026 quid
2070 2944 2154 3004 sit
2195 2939 2376 3004 verbi
2421 2942 2751 3025 μητίσατο

538 3040 891 3107 subiectum
937 3045 1405 3130 grammaticum
1451 3045 1786 3107 invenitur.
1864 3045 1960 3109 Ac
1988 3064 2224 3109 nomen
2257 3043 2527 3130 quidem,
2574 3042 2751 3129 quod

539 3148 831 3231 posuerit
871 3145 1312 3225 Parmenides,
1371 3155 1576 3210 utrum
1622 3147 1816 3211 fuerit
1855 3143 2134 3232 Ἀνάγκη
2178 3147 2281 3212 vel
2326 3150 2517 3229 Δίκη,
2575 3146 2753 3234 quod

539 3246 988 3314 Stallbaumius
1025 3250 1232 3314 voluit
1261 3248 1342 3313 ad
1371 3248 1531 3314 Plat.
1564 3249 1783 3337 Symp.
1817 3251 2018 3330 178b,
2062 3271 2142 3314 an
2172 3251 2241 3315 Γ
2234 3253 2436 3327 ένεσις
2469 3248 2576 3315 vel
2612 3246 2753 3316 Φύ-

540 3370 665 3429 σις,
727 3361 798 3416 ut
839 3351 1050 3438 placet
1093 3353 1260 3434 aliis,
1316 3356 1597 3418 incertae
1642 3366 1741 3419 est
1786 3358 2188 3422 coniecturae
2235 3354 2750 3441 relinquendum3

541 3453 624 3519 de
654 3455 791 3541 ipsa
823 3477 895 3520 re
925 3457 1049 3522 hoc
1082 3467 1345 3536 constat,
1394 3480 1834 3545 quemcunque
1876 3462 2163 3545 posuerit
2206 3461 2474 3523 summi
2518 3460 2752 3545 princi-

538 3559 628 3644 pii
674 3563 992 3629 moventis
1038 3572 1390 3639 auctorem,
1449 3584 1590 3627 eum
1648 3561 1813 3627 adeo
1860 3561 2191 3626 indefinita
2236 3566 2507 3627 notione
2551 3563 2748 3627 fuisse

541 3664 1104 3752 circumscriptum,
1163 3675 1234 3730 ut
1282 3684 1411 3751 quo
1458 3686 1602 3730 eum
1650 3669 1906 3730 nomine
1954 3664 2373 3753 appellaverit
2416 3687 2549 3730 non
2594 3664 2753 3729 mul-

539 3774 669 3830 tum
714 3766 970 3833 referat.
1059 3766 1328 3833 Hesiodi
1374 3780 1580 3833 autem
1626 3790 1848 3834 versus
1896 3780 2231 3847 extremus,
2278 3768 2355 3832 ab
2406 3766 2751 3832 Aristotele

538 3868 766 3956 procul
813 3869 1011 3937 dubio
1056 3873 1421 3937 memoriter
1456 3871 1698 3952 allatuS,
1744 3876 1980 3938 nostris
2010 3874 2075 3936 in
2109 3872 2496 3937 editionibus
2528 3871 2747 3957 paullo

540 3971 729 4036 aliter
759 3973 1111 4040 exhibetur:
1158 3971 1264 4056 ἠδ’
1290 3968 1499 4063 ”Ερος,
1530 3968 1607 4052 ὃς
1638 3971 1986 4052 κάλλιστος
2014 3980 2084 4041 ἐν
2117 3969 2528 4041 ἀθανάτοισι
2557 3975 2749 4038 θεοῖ-

542 4095 665 4140 σιν.
756 4075 1030 4142 Videtur
1075 4089 1282 4144 autem
1329 4079 1706 4145 Aristoteles
1752 4080 2145 4144 aberravisse
2197 4078 2277 4143 ab
2322 4080 2475 4164 ipsis
2521 4078 2749 4142 Hesio-

543 4177 680 4243 deis
725 4179 936 4246 verbis
981 4181 1271 4247 similium
1315 4203 1612 4247 versuum
1657 4181 2105 4248 recordatione
2157 4182 2490 4267 deceptus,
2547 4179 2746 4245 veluti

541 4282 726 4346 Hom.
772 4282 846 4348 ΙΙ.
889 4285 943 4369 β
968 4288 1116 4351 579.
1162 4308 1211 4350 π
1244 4287 1391 4350 194.
1457 4286 1646 4372 Hym.
1692 4288 1759 4349 in
1791 4283 2005 4371 Apoll.
2039 4287 2192 4350 315.
2231 4288 2382 4351 327.
2414 4322 2497 4333 -
2547 4283 2748 4370 Quod

542 4395 753 4450 autem
798 4386 979 4468 dicit,
1026 4391 1163 4475 quis
1208 4391 1292 4453 sit
1333 4391 1574 4475 primus
1620 4389 1902 4454 eiusdem
1949 4393 2302 4455 sententiae
2349 4399 2573 4454 auctor
2615 4385 2749 4466 ἐξέ-

543 4510 673 4557 στω
716 4492 959 4579 κρίνειν
1001 4488 1276 4581 ὕστερον
1305 4494 1450 4573 ῠ32,
1496 4515 1866 4582 quamquam
1912 4504 2139 4580 postea
2187 4493 2268 4559 de
2298 4491 2482 4559 simili
2515 4513 2588 4557 re
2616 4496 2749 4581 agi-
