3109 5175
612 378 759 454 500
1150 347 1165 364 “
1431 381 1511 450 Α
1562 375 1631 448 7.
1714 373 1982 449 107212.

620 548 834 633 πλόην
891 549 1137 633 ταύτην
1195 551 1436 617 θετέον
1488 551 1609 616 τοῦ
1656 551 1907 629 τέλους,
1959 550 2071 617 καὶ
2117 539 2196 616 οὗ
2237 552 2360 635 μέν
2403 555 2539 616 ἐστι
2583 551 2828 635 ῥητέον

614 660 809 723 τοῦτο
856 650 1022 721 εἶναι
1064 648 1141 720 τὸ
1187 655 1385 720 θεῖον
1427 654 1539 720 καὶ
1578 650 1811 734 ἀίδιον,
1856 642 1909 737 ᾦ
1949 654 2019 719 δὲ
2056 654 2252 719 τοῦτο
2292 647 2459 718 εἶναι
2494 649 2571 719 τὸ
2610 655 2826 743 ἔμψυ-

611 783 736 845 χον
780 760 891 824 καὶ
935 753 1011 824 τὸ
1057 762 1126 822 ἐν
1169 760 1445 841 γενέσει·
1491 753 1700 840 τούτῳ
1743 751 1872 843 γὰρ
1916 757 2338 842 περιποιῆσαι
2378 751 2691 840 βούλεται
2733 761 2826 821 εὶ-

616 858 781 928 κόνα
827 857 1181 940 θειότητος
1216 861 1329 924 καὶ
1366 854 1742 939 ἀϊδιότητος
1781 857 1822 939 ἡ
1870 855 2067 948 φύσις
2110 857 2276 925 καθ’
2317 853 2480 926 ὅσον
2525 856 2827 925 δύναται.

618 967 801 1030 Hanc
855 968 909 1029 si
966 967 1258 1050 ponimus
1315 966 1517 1049 ipsam
1579 984 1718 1027 esse
1773 962 2237 1028 Aristotelicam
2295 963 2479 1027 buius
2534 964 2828 1027 notionis

616 1068 1117 1146 distinctionem,
1162 1065 1427 1131 alterum
1473 1088 1678 1154 genus
1723 1067 1842 1132 τοῦ
1886 1055 1966 1132 οὗ
2009 1071 2221 1143 ἕνεκα,
2266 1068 2559 1131 nimirum
2601 1060 2679 1130 τὸ
2726 1055 2829 1142 οὗ,

617 1174 918 1258 quoniam
965 1168 1289 1235 immobile
1335 1180 1432 1233 est
1478 1180 1540 1234 et
1587 1169 2001 1248 immutabile,
2062 1169 2215 1234 nihil
2270 1167 2537 1256 impedit
2584 1171 2830 1255 quomi-

613 1299 738 1342 nus
769 1280 834 1340 in
866 1274 1232 1340 substantiis
1263 1270 1693 1339 immobilibus
1723 1276 2106 1360 reperiatur3
2140 1271 2403 1338 alterum
2439 1293 2613 1350 vero,
2642 1264 2721 1336 τὸ
2754 1259 2828 1354 ᾧ,

576 1383 857 1465 ‚quippe
913 1376 1087 1463 quod
1143 1397 1260 1462 per
1303 1379 1713 1441 mutationem
1757 1380 1855 1442 sui
1901 1379 2097 1462 ipsius
2142 1375 2225 1441 ad
2268 1375 2429 1441 illud
2474 1370 2550 1441 τὸ
2597 1363 2678 1439 οὗ
2722 1396 2824 1438 ac-

617 1481 831 1561 cedat,
887 1501 1020 1546 non
1080 1488 1297 1567 potest
1341 1500 1482 1543 esse
1526 1482 1599 1544 ἐν
1640 1490 1781 1557 τοῖς
1824 1475 2173 1559 ἀκινήτοις.
2266 1482 2352 1544 Et
2393 1480 2520 1544 boc
2564 1476 2818 1565 quidem

615 1567 986 1652 brevissime
1044 1581 1294 1648 videtur
1349 1581 1749 1670 significasse
1800 1584 1898 1648 his
1942 1581 2184 1647 verbis:
2243 1573 2335 1649 ὦν
2373 1577 2456 1651 ,τὸ
2498 1583 2620 1667 μὲν
2664 1585 2817 1664 (int.

614 1684 692 1755 τὸ
739 1678 856 1770 οὗ)
913 1690 1088 1754 ἔστιν
1144 1685 1611 1772 (supplendum
1667 1709 1704 1751 e
1748 1686 2208 1775 superioribus:
2268 1690 2339 1752 ἐν
2395 1694 2534 1761 τοῖς
2592 1678 2821 1763 ἀκινή-

617 1797 811 1874 τοις),
854 1785 931 1857 τὸ
978 1787 1040 1856 δ’
1080 1791 1227 1871 (int.
1274 1783 1351 1854 τὸ
1397 1779 1493 1872 ᾦ)
1539 1787 1659 1855 οὐκ
1704 1792 1896 1857 ἔστιν.

750 1894 829 1976 ὃ)
888 1896 1092 1961 1072ῡ
1132 1894 1216 1960 14
1263 1886 1624 1977 διαγωγὴ
1670 1932 1757 1944 -
1802 1896 1889 1960 30
1932 1889 2155 1972 θεός.
2253 1894 2504 1973 (Docte
2559 1901 2627 1957 et
2680 1890 2820 1956 dili-

615 2009 844 2088 genter
897 2000 1058 2063 hanc
1119 1998 1564 2085 disputationis
1621 2009 1860 2087 partem
1913 2001 2362 2085 interpretatus
2410 2007 2505 2061 est
2549 1995 2820 2061 Krische

616 2101 962 2175 Forsch.1.
1000 2124 1062 2189 p.
1093 2103 1226 2168 278
1260 2124 1414 2188 sqq„
1459 2123 1497 2165 a
1542 2123 1670 2187 quo
1716 2103 2064 2189 interprete
2109 2103 2327 2187 paucis
2373 2099 2567 2166 modo
2614 2102 2682 2164 in
2718 2121 2820 2164 re·

612 2204 734 2271 bus
781 2204 1279 2271 dissentiendum
1323 2206 1475 2270 mihi
1523 2227 1663 2271 esse
1708 2208 1986 2291 putavi.)
2075 2205 2393 2270 Summum
2440 2206 2817 2291 principium

612 2330 881 2374 movens
925 2308 1250 2393 bucusque
1285 2308 1391 2373 Ar.
1439 2306 1899 2373 demonstravit
1942 2307 2355 2374 substantiam
2402 2329 2543 2373 esse
2586 2329 2705 2394 per
2745 2328 2820 2372 se

615 2409 1110 2499 intelligibilem3
1169 2414 1291 2476 iam
1351 2411 1781 2498 descripturus
1833 2434 1995 2498 quae
2038 2415 2125 2477 sit
2167 2415 2302 2478 eius
2347 2416 2513 2477 actio
2561 2419 2625 2476 et
2667 2412 2817 2489 vita,

614 2519 821 2581 statim
867 2513 949 2579 ab
997 2516 1197 2594 initio,
1233 2516 1379 2596 1220,
1422 2518 1611 2603 ponit
1653 2515 2112 2605 intelligibilem
2159 2515 2570 2582 substantiam
2614 2517 2817 2601 ipsam

614 2642 757 2685 esse
813 2618 1235 2699 intellectum,
1291 2618 1357 2684 id
1418 2619 1591 2706 quod
1644 2619 1880 2685 deinde
1924 2644 2042 2710 per
2082 2624 2279 2707 ipsam
2326 2621 2819 2708 argumentatio-

613 2744 759 2788 nem
807 2721 1233 2788 confirmatur.
1322 2725 1575 2789 Etenim
1622 2734 1691 2789 ut
1734 2746 1986 2803 semna,
2039 2746 2113 2790 ex
2160 2723 2521 2790 Aristotelis
2564 2732 2822 2788 senten:

615 2830 730 2905 tia,
789 2849 979 2913 quum
1024 2836 1123 2905 est
1166 2838 1341 2905 actu,
1397 2831 1713 2914 recipiens
1770 2831 1836 2892 in
1886 2849 1957 2893 se
2001 2851 2207 2893 rerum
2253 2825 2642 2892 sensibilium
2690 2825 2816 2891 for-

613 2951 746 2994 mas
791 2928 957 2994 idem
1005 2941 1103 2995 est
1148 2942 1335 3017 atque
1380 2934 1560 3018 ipsae
1593 2953 1696 2995 res
1732 2931 2068 2997 sensibiles
2103 2931 2413 2996 abstracta
2448 2952 2660 2996 earum
2690 2952 2817 2995 ma·

616 3035 775 3098 teria
818 3033 939 3111 (cf.
984 3032 1067 3098 de
1104 3056 1204 3098 an.
1235 3034 1294 3098 11
1335 3035 1437 3098 12.
1480 3034 1646 3098 424⁶
1673 3035 1775 3113 18,
1811 3036 1919 3100 25.
1976 3036 2068 3100 lll
2105 3037 2166 3100 2.
2209 3036 2367 3100 4251·
2393 3035 2551 3116 25),
2593 3032 2702 3099 vel
2745 3041 2818 3098 ut

613 3157 716 3201 ars
772 3138 911 3221 ipsa
972 3146 1069 3201 est
1125 3135 1457 3201 artificium
1514 3148 1916 3226 segregatum
1962 3161 1997 3205 a
2043 3143 2302 3204 materia
2363 3138 2483 3220 (cf.
2528 3136 2611 3202 ad
2655 3138 2719 3201 Z
2748 3139 2813 3202 9.

617 3240 825 3304 1034a
850 3239 998 3317 24),
1043 3243 1128 3304 ita
1169 3238 1530 3305 intellectus
1568 3244 1885 3328 recipiens
1924 3246 1991 3308 in
2035 3265 2107 3309 se
2150 3236 2227 3309 τὸ
2273 3244 2337 3308 τί
2378 3232 2463 3321 ἦν
2508 3234 2675 3305 εἶναι
2718 3261 2815 3304 re-

611 3348 779 3420 rum,
841 3364 1029 3427 quum
1091 3352 1189 3407 est
1244 3354 1414 3422 actu,
1472 3346 1611 3431 ipse
1654 3344 1734 3409 fit
1774 3345 1839 3411 id
1886 3346 2059 3434 quod
2092 3336 2203 3411 'est
2247 3343 2679 3433 intelligibile,
2739 3365 2817 3408 ac

612 3448 888 3510 vicissim
933 3444 1000 3510 id
1048 3437 1222 3530 quod
1266 3445 1674 3535 intelligibile
1717 3471 1833 3535 per
1873 3471 1943 3514 se
1989 3459 2087 3515 est
2130 3452 2269 3536 ipse
2315 3459 2412 3514 est
2451 3448 2814 3513 intellectus

614 3561 758 3615 actu
805 3552 1109 3614 exsistens
1156 3549 1277 3628 (cf.
1313 3549 1396 3615 de
1433 3572 1537 3617 an.
1573 3552 1664 3617 111
1703 3554 1763 3618 4.
1804 3554 2074 3619 429630
2103 3558 2298 3640 sqq.).
2386 3553 2589 3617 Huius
2632 3549 2817 3616 intel·
2866 3623 2874 3630 ,

611 3652 813 3717 lectus
855 3661 929 3717 ut
968 3651 1287 3717 describat
1324 3675 1500 3739 quae·
1522 3658 1606 3720 sit
1644 3657 1771 3720 vita
1810 3677 1887 3720 ac
1920 3655 2251 3722 beatitudo
2301 3650 2631 3741 (διαγωγή
2666 3655 2817 3734 ὺ14,

613 3756 692 3821 cl'.
723 3754 804 3820 ad
834 3755 909 3820 Ἀ
938 3756 999 3819 1.
1028 3756 1191 3821 981⁶
1217 3758 1362 3839 18),
1406 3779 1705 3823 summam
1751 3780 1915 3845 quae
1956 3759 2198 3825 homini
2241 3758 2626 3846 aliquamdiu
2664 3778 2811 3823 con-

611 3862 863 3946 tingere
908 3867 1125 3944 potest
1169 3857 1621 3927 beatitudinem
1667 3883 1787 3948 pro
1834 3861 2124 3950 exemplo
2171 3861 2449 3928 adhibet.
2530 3864 2615 3927 Et
2659 3883 2813 3927 con-

612 3961 1018 4046 templativae
1051 3960 1304 4047 quidem
1340 3966 1525 4043 vitae,
1565 3967 1801 4052 quippe
1830 3989 1994 4052 quae
2023 3965 2216 4031 finem
2246 3969 2312 4031 in
2345 3988 2416 4032 se
2445 3969 2580 4053 ipsa
2613 3967 2816 4032 conti·

609 4072 764 4129 neat
806 4083 1031 4147 *neque
1085 4075 1257 4130 extra
1308 4087 1379 4131 se
1429 4071 1708 4155 positum
1764 4068 2022 4151 habeat,
2074 4068 2428 4135 absolutam
2481 4071 2694 4135 inesse
2748 4079 2816 4136 et

610 4176 1102 4233 consummatam
1147 4167 1622 4250 beatitudinem,
1674 4179 1897 4236 notum
1944 4184 2040 4239 est
2083 4175 2192 4239 Ar.
2237 4173 2559 4259 placitum,
2604 4174 2683 4238 cf.
2731 4173 2815 4239 ad

608 4273 681 4337 A
710 4273 772 4337 2.
805 4272 967 4336 9821)
992 4271 1080 4335 28
1110 4293 1244 4358 sqq.
1320 4273 1414 4336 Ea
1458 4273 1852 4340 beatitudine
1895 4297 2017 4342 nos
2062 4275 2315 4363 quidem
2359 4298 2508 4342 raro
2551 4288 2816 4357 tantum,

607 4374 722 4439 ubi
759 4376 938 4461 quasi
971 4373 1206 4440 sublati
1238 4396 1451 4440 sumus
1486 4376 1569 4442 ad
1605 4377 1879 4444 divinam
1914 4390 2198 4445 naturam
2236 4380 2358 4463 (cf.
2381 4382 2524 4446 Eth.
2547 4382 2630 4447 N.
2662 4383 2719 4446 X
2747 4383 2812 4447 7.

612 4479 815 4546 1127b
838 4481 979 4562 27),
1023 4500 1362 4566 possumus
1408 4479 1548 4559 frui,
1595 4486 1893 4568 quoniam
1938 4484 2246 4550 humanus
2288 4484 2651 4552 intellectus
2695 4504 2814 4572 po-
