3109 5175
1150 385 1258 456 M
1296 380 1368 455 6.
1451 379 1722 457 1118οα.
2392 377 2539 458 539

325 557 670 626 absurdum
702 559 802 638 sit,
827 577 915 624 ne
937 556 1142 624 verbo
1168 557 1422 645 quidem
1448 570 1673 625 monet
1694 557 2089 626 Aristoteles.
2114 595 2193 610 —
2224 561 2429 628 10791»
2448 564 2534 628 21

327 657 638 744 Εὔδοξος,
670 663 748 729 cf.
771 661 854 728 ad
877 662 949 728 A
972 666 1034 730 9.
1059 666 1228 731 9911:
1249 666 1353 731 17.
1385 669 1460 730 Λ
1484 665 1546 730 8.
1575 666 1781 731 10731)
1800 667 1902 731 17.
1939 660 2211 729 Brandis
2231 664 2464 731 Gesch.
2489 665 2538 731 1.

326 787 391 855 p.
414 770 562 834 489.
591 803 672 820 -
711 767 923 834 1οΘοα
948 767 992 833 9
1028 761 1144 832 διὰ
1172 769 1615 853 loycam-epum
1646 771 1761 836 καὶ
1793 765 2272 856 ἀκριβεστέρων
2307 767 2539 853 λόγων,

327 875 370 937 i.
405 893 460 938 e.
500 871 813 938 eiusmodi
848 871 1221 951 rationibuS,
1263 892 1427 958 quae
1463 877 1815 940 accuratius
1854 876 2041 938 etiam
2075 893 2151 937 ex
2184 875 2330 958 ipso
2366 869 2542 959 λόγῳ

328 977 389 1042 h.
420 997 476 1042 e.
521 977 796 1043 notione
837 975 1124 1044 idearum
1165 979 1409 1062 petitae
1454 988 1617 1057 sunt,
1663 978 1742 1044 cf.
1779 976 1860 1043 ad
1890 975 1957 1044 Γ
1977 981 2039 1043 3.
2081 979 2285 1043 loo5b
2306 980 2414 1043 22.

330 1253 494 1314 ιιι.
559 1253 697 1314 nn
738 1254 1201 1315 mnus
1241 1254 1822 1328 mmmmm,
1866 1243 2408 1310 c.6—9.1086a
2432 1244 2538 1310 21.

1224 1435 1453 1512 CAP.
1515 1437 1648 1510 VI.

469 1594 934 1681 Quaestionem
992 1593 1074 1663 de
1131 1598 1410 1661 numeris
1449 1594 1779 1662 idealibus
1823 1599 1958 1661 sive
2001 1598 2081 1660 iis
2124 1594 2205 1661 de
2250 1597 2545 1675 numeris,

335 1719 500 1787 quos
543 1721 665 1787 pro
712 1699 1077 1766 substantiis
1123 1711 1189 1766 et
1229 1701 1556 1787 principiis
1592 1721 1802 1770 rerum
1842 1699 2138 1768 nonnulli
2176 1699 2545 1787 philosophi

333 1815 709 1892 posuerunt,
741 1826 931 1891 quum
964 1804 1254 1870 Platonis
1279 1807 1680 1892 potissimum
1710 1808 2090 1872 auctoritate
2121 1804 2417 1871 effectum
2447 1808 2548 1883 sit,

334 1919 408 1974 ut
462 1919 635 1974 tanta
693 1920 761 1975 et
814 1908 1144 1998 diligentia
1203 1919 1269 1974 et
1312 1908 1663 1976 subtilitate
1706 1912 1829 2000 Ar..
1857 1920 2299 1997 pertractaret,
2357 1910 2544 1975 Plato

336 2012 490 2099 quid
534 2012 654 2078 hac
698 2013 780 2078 de
824 2035 897 2079 re
940 2016 1234 2079 statuerit
1285 2016 1505 2099 paucis
1546 2026 1697 2082 ante
1740 2013 1999 2079 videtur
2038 2011 2544 2102 significandum·

338 2119 564 2182 Paucis
622 2127 831 2182 autem
892 2117 1159 2206 defungi
1219 2117 1368 2183 licet
1426 2129 1491 2183 et
1543 2128 1786 2184 tantum
1846 2120 2214 2204 exposuisse
2254 2116 2547 2194 sufficiet,

336 2227 639 2308 qnantum
687 2217 766 2285 ad
809 2220 1299 2311 intelligendam
1335 2221 1701 2289 Aristotelis
1751 2221 2243 2310 disputationem
2288 2224 2549 2308 requiri-

337 2335 468 2401 tur;
527 2324 689 2390 haec
732 2328 899 2392 enim
943 2349 1050 2392 res
1091 2348 1131 2391 a
1178 2325 1560 2393 doctissimis
1606 2330 1781 2406 viris,
1840 2329 1949 2414 qui
2003 2326 2086 2391 de
2140 2324 2547 2412 philosophia

337 2427 733 2496 Graecorum
770 2433 1336 2521 investigaverunt,
1372 2454 1447 2497 ea
1482 2443 1583 2497 est
1614 2442 1680 2497 et
1709 2430 2040 2498 doctrinae
2074 2431 2261 2516 copia
2292 2440 2363 2495 et
2388 2429 2550 2498 iudi-

337 2536 418 2600 cii
456 2538 745 2602 acumine
775 2545 1057 2617 tractata,
1094 2548 1166 2603 ut
1201 2557 1282 2603 eo
1319 2537 1456 2603 fere
1489 2546 1869 2625 perventum
1902 2533 2210 2614 videatur,
2246 2555 2374 2622 quo
2404 2555 2551 2622 per·-
2648 2572 2673 2584 =

337 2641 542 2703 veniri
587 2660 782 2726 posse
825 2660 1152 2728 speremus
1197 2645 1268 2707 in
1309 2663 1384 2707 re
1431 2653 1496 2707 et
1536 2661 1656 2728 per
1698 2661 1768 2705 se
1813 2644 2053 2704 incerta
2099 2650 2166 2704 et
2211 2642 2357 2705 nixa
2413 2659 2550 2704 non

338 2743 550 2808 verbis
596 2745 905 2829 ipsorum,
952 2745 1035 2810 de
1080 2746 1310 2831 quibus
1355 2748 1582 2833 agitur,
1624 2743 2174 2831 philosophorum,
2218 2744 2335 2811 sed
2378 2746 2552 2810 testi-

339 2848 571 2912 moniis
615 2866 810 2935 saepe
848 2868 1069 2935 parum
1110 2851 1278 2913 inter
1307 2869 1378 2914 se
1412 2850 1719 2935 congruis
1750 2847 1856 2912 vel
1895 2847 2259 2914 Aristotelis
2292 2848 2399 2912 vel
2432 2868 2552 2934 po·-

340 2954 680 3017 etei-iorum
699 2954 1151 3039 ‘interpretum
1184 2952 1262 3017 cf.
1281 2951 1516 3017 Treud.
1543 2951 1704 3016 Plat.
1728 2949 1809 3019 de
1838 2951 1925 3016 id.
1953 2963 2018 3016 et
2042 2972 2209 3017 num.
2239 2951 2548 3017 doctrina.

339 3054 612 3127 Brandis
641 3055 879 3123 Gescb.
907 3057 965 3122 11
999 3059 1058 3122 l.
1090 3081 1154 3144 p.
1177 3059 1307 3122 211
1340 3078 1474 3144 sqq.
1520 3055 1736 3123 Zeller
1765 3055 1925 3123 Plat.
1955 3056 2137 3125 stud.
2166 3079 2230 3144 p.
2253 3057 2385 3122 239
2416 3077 2549 3142 sqq.

340 3161 455 3226 Ph.
491 3161 550 3226 d.
585 3161 700 3227 Gr.
733 3161 811 3226 11.
842 3184 903 3247 p.
925 3162 1066 3226 210
1091 3180 1224 3247 sqq.
1269 3163 1404 3228 332
1431 3182 1567 3247 sqq.

477 3263 661 3329 Plato
705 3266 941 3350 quibus
986 3268 1192 3329 causis
1236 3263 1546 3337 adductus
1592 3269 1690 3345 sit,
1734 3278 1803 3332 ut
1846 3268 1911 3331 in
1958 3266 2118 3331 ideis
2164 3286 2416 3331 omnem
2456 3284 2556 3329 re-

343 3388 483 3433 rum
527 3370 865 3432 essentiam
911 3371 1202 3433 invenire
1247 3367 1371 3433 sibi
1414 3369 1739 3435 videretur
1786 3390 2018 3455 easque
2062 3382 2373 3456 tamquam
2409 3367 2554 3433 sub-

345 3474 610 3538 stantias
658 3470 952 3537 absolute
996 3481 1300 3557 poneret,
1354 3483 1420 3537 et
1463 3492 1542 3538 ex
1584 3472 1759 3539 libris
1806 3476 2005 3560 ipsius
2049 3473 2421 3559 philosophi
2462 3472 2556 3537 fa-

343 3575 470 3640 cile
515 3579 930 3664 cognoscitur
977 3587 1044 3641 et
1085 3579 1407 3663 aptissime
1453 3578 1877 3665 significatum
1925 3589 2025 3643 est
2069 3577 2149 3641 ab
2185 3574 2556 3656 Aristotele,

341 3678 422 3744 ef.
461 3681 523 3744 4.
560 3681 760 3746 10876
789 3682 873 3745 12
917 3691 985 3746 et
1024 3680 1106 3745 ad
1149 3682 1216 3745 Α
1243 3684 1308 3747 6.
1339 3684 1505 3747 987σ
1531 3684 1637 3747 32.
1718 3683 2005 3751 Eundem
2048 3700 2207 3746 vero
2251 3680 2429 3747 ideas
2472 3679 2555 3746 ad

345 3802 646 3850 numeros
691 3785 986 3850 retulisse
1032 3798 1098 3851 et
1137 3785 1423 3851 idearum
1469 3798 1757 3851 naturam
1802 3806 1921 3873 per
1960 3807 2261 3852 numeros
2306 3806 2558 3872 expres-

341 3889 534 3966 sisse,
592 3909 670 3952 οι
726 3891 928 3974 ipsius
972 3888 1152 3956 libris
1196 3912 1329 3957 non
1380 3910 1717 3979 possumus
1763 3889 2100 3979 colligere,
2154 3889 2391 3956 nedum
2435 3908 2555 3976 pro

345 4002 525 4059 certo
564 3991 899 4059 affirmare.
976 3995 1271 4061 Attamen
1318 4005 1382 4060 et
1428 3992 1793 4060 Aristotelis
1831 3998 2190 4061 testimonia
2233 3999 2369 4060 eius
2406 4004 2557 4059 sunt

341 4097 652 4186 ponderis
700 4109 766 4164 et
811 4098 1274 4165 confirmantur
1315 4098 1773 4187 discipulorum
1806 4098 2093 4167 Platonis
2134 4101 2441 4179 doctrina,
2486 4108 2558 4163 ut

342 4222 496 4268 vere
527 4202 857 4269 Platonica
905 4207 1054 4290 quin
1100 4205 1258 4270 haec
1301 4208 1382 4270 sit
1427 4205 1719 4277 doctrina
1757 4203 1953 4270 hodie
1984 4226 2173 4271 nemo
2207 4207 2415 4292 possit
2444 4201 2557 4267 du·

342 4306 566 4372 bitere.
657 4307 939 4373 Videtur
981 4318 1190 4375 antem
1237 4308 1453 4389 Plato,
1514 4319 1813 4396 quantum
1874 4309 2163 4374 divinare
2218 4326 2555 4394 possumus

343 4408 432 4476 de
472 4413 721 4477 interna
769 4417 906 4478 eius
940 4412 1390 4499 philosophiae
1426 4417 1690 4503 origine,
1738 4412 1961 4479 iisdem
1994 4414 2127 4478 sere
2159 4412 2238 4476 ad
2272 4411 2385 4476 has
2414 4432 2558 4476 sen-

346 4519 579 4585 tentias
623 4516 1220 4584 ratiocinationibus
1261 4517 1573 4586 adductus
1621 4539 1794 4597 esse,
1840 4518 2071 4604 quibus
2115 4519 2386 4602 pennoti
2434 4516 2556 4601 Py-
