<?xml version="1.0" encoding="UTF-8"?>
<!DOCTYPE html PUBLIC "-//W3C//DTD XHTML 1.0 Transitional//EN"
    "http://www.w3.org/TR/xhtml1/DTD/xhtml1-transitional.dtd">
<html xmlns="http://www.w3.org/1999/xhtml" xml:lang="en" lang="en">
 <head>
  <title>
</title>
<meta http-equiv="Content-Type" content="text/html;charset=utf-8" />
  <meta name='ocr-system' content='tesseract 3.04.00' />
  <meta name='ocr-capabilities' content='ocr_page ocr_carea ocr_par ocr_line ocrx_word'/>
</head>
<body>
  <div class='ocr_page' id='page_1' title='image "aristotelismeta01bonigoog_0266.png"; bbox 0 0 3109 5175; ppageno 0'>
   <div class='ocr_carea' id='block_1_1' title="bbox 570 346 1944 423">
    <p class='ocr_par' dir='ltr' id='par_1_1' title="bbox 570 346 1944 423">
     <span class='ocr_line' id='line_1_1' title="bbox 570 346 1944 423; baseline -0.002 0"><span class='ocrx_word' id='word_1_1' title='bbox 570 346 717 423; x_wconf 81' lang='lat'><strong>240</strong></span> <span class='ocrx_word' id='word_1_2' title='bbox 1401 349 1471 421; x_wconf 84' lang='lat' dir='ltr'><em>A</em></span> <span class='ocrx_word' id='word_1_3' title='bbox 1522 347 1590 421; x_wconf 90' lang='grc'><strong>7.</strong></span> <span class='ocrx_word' id='word_1_4' title='bbox 1676 346 1944 423; x_wconf 77' lang='lat' dir='ltr'>1017a.</span> 
     </span>
    </p>
   </div>
   <div class='ocr_carea' id='block_1_2' title="bbox 556 524 2783 4570">
    <p class='ocr_par' dir='ltr' id='par_1_2' title="bbox 561 524 2783 2575">
     <span class='ocr_line' id='line_1_2' title="bbox 571 524 2783 617; baseline 0.001 -24"><span class='ocrx_word' id='word_1_5' title='bbox 571 549 708 593; x_wconf 87' lang='lat' dir='ltr'><strong>rum</strong></span> <span class='ocrx_word' id='word_1_6' title='bbox 751 536 975 593; x_wconf 88' lang='lat' dir='ltr'><strong>natura</strong></span> <span class='ocrx_word' id='word_1_7' title='bbox 1021 534 1087 591; x_wconf 82' lang='lat' dir='ltr'><strong>et</strong></span> <span class='ocrx_word' id='word_1_8' title='bbox 1112 524 1367 592; x_wconf 82' lang='lat' dir='ltr'><strong>indoles</strong></span> <span class='ocrx_word' id='word_1_9' title='bbox 1395 529 1466 592; x_wconf 81' lang='lat' dir='ltr'><strong>iu</strong></span> <span class='ocrx_word' id='word_1_10' title='bbox 1499 548 1579 592; x_wconf 89' lang='lat' dir='ltr'><strong>eo</strong></span> <span class='ocrx_word' id='word_1_11' title='bbox 1613 529 1877 594; x_wconf 80' lang='lat' dir='ltr'><strong>maxime</strong></span> <span class='ocrx_word' id='word_1_12' title='bbox 1907 536 2354 617; x_wconf 66' lang='lat' dir='ltr'><strong>cognoscetur,</strong></span> <span class='ocrx_word' id='word_1_13' title='bbox 2399 528 2556 615; x_wconf 88' lang='lat' dir='ltr'><strong>qnid</strong></span> <span class='ocrx_word' id='word_1_14' title='bbox 2590 551 2783 616; x_wconf 82' lang='lat' dir='ltr'><strong>quae-</strong></span> 
     </span>
     <span class='ocr_line' id='line_1_3' title="bbox 570 630 2777 720; baseline 0.001 -25"><span class='ocrx_word' id='word_1_15' title='bbox 570 653 698 717; x_wconf 90' lang='lat' dir='ltr'><strong>que</strong></span> <span class='ocrx_word' id='word_1_16' title='bbox 739 653 915 696; x_wconf 90' lang='lat' dir='ltr'><strong>esse</strong></span> <span class='ocrx_word' id='word_1_17' title='bbox 962 632 1367 720; x_wconf 83' lang='lat' dir='ltr'><strong>comprobet;</strong></span> <span class='ocrx_word' id='word_1_18' title='bbox 1424 630 1598 718; x_wconf 88' lang='lat' dir='ltr'><strong>quod</strong></span> <span class='ocrx_word' id='word_1_19' title='bbox 1654 631 1905 718; x_wconf 87' lang='lat' dir='ltr'><strong>quidem</strong></span> <span class='ocrx_word' id='word_1_20' title='bbox 1952 633 2384 719; x_wconf 75' lang='lat' dir='ltr'><strong>praedicatum</strong></span> <span class='ocrx_word' id='word_1_21' title='bbox 2427 636 2550 700; x_wconf 85' lang='grc' dir='ltr'><strong><em>τοῦ</em></strong></span> <span class='ocrx_word' id='word_1_22' title='bbox 2592 632 2777 714; x_wconf 78' lang='grc' dir='ltr'><strong><em>εἶναι,</em></strong></span> 
     </span>
     <span class='ocr_line' id='line_1_4' title="bbox 567 734 2777 826; baseline 0.001 -26"><span class='ocrx_word' id='word_1_23' title='bbox 567 739 622 800; x_wconf 89' lang='lat' dir='ltr'><strong>si</strong></span> <span class='ocrx_word' id='word_1_24' title='bbox 678 734 1149 822; x_wconf 81' lang='lat' dir='ltr'><strong>philosophiam</strong></span> <span class='ocrx_word' id='word_1_25' title='bbox 1206 735 1356 801; x_wconf 90' lang='lat' dir='ltr'><strong>inde</strong></span> <span class='ocrx_word' id='word_1_26' title='bbox 1409 735 1488 799; x_wconf 89' lang='lat' dir='ltr'><strong>ab</strong></span> <span class='ocrx_word' id='word_1_27' title='bbox 1535 735 1769 801; x_wconf 82' lang='lat' dir='ltr'><strong>ultimis</strong></span> <span class='ocrx_word' id='word_1_28' title='bbox 1811 738 2187 823; x_wconf 82' lang='lat' dir='ltr'><strong>primordiis.</strong></span> <span class='ocrx_word' id='word_1_29' title='bbox 2219 742 2680 826; x_wconf 73' lang='lat' dir='ltr'><strong>persequimur,</strong></span> <span class='ocrx_word' id='word_1_30' title='bbox 2739 759 2777 802; x_wconf 85' lang='lat' dir='ltr'><strong>a</strong></span> 
     </span>
     <span class='ocr_line' id='line_1_5' title="bbox 566 839 2778 932; baseline 0.001 -27"><span class='ocrx_word' id='word_1_31' title='bbox 566 839 757 905; x_wconf 88' lang='lat' dir='ltr'><strong>rebus</strong></span> <span class='ocrx_word' id='word_1_32' title='bbox 800 842 1070 925; x_wconf 88' lang='lat' dir='ltr'><strong>primum</strong></span> <span class='ocrx_word' id='word_1_33' title='bbox 1113 841 1404 907; x_wconf 82' lang='lat' dir='ltr'><strong>sensibus</strong></span> <span class='ocrx_word' id='word_1_34' title='bbox 1451 839 1683 906; x_wconf 84' lang='lat' dir='ltr'><strong>oblatis</strong></span> <span class='ocrx_word' id='word_1_35' title='bbox 1728 840 1817 906; x_wconf 79' lang='lat' dir='ltr'><strong>ad-</strong></span> <span class='ocrx_word' id='word_1_36' title='bbox 1855 841 2281 909; x_wconf 84' lang='lat' dir='ltr'><strong>abditissimos</strong></span> <span class='ocrx_word' id='word_1_37' title='bbox 2321 842 2647 932; x_wconf 71' lang='lat' dir='ltr'><strong>cogitandi</strong></span> <span class='ocrx_word' id='word_1_38' title='bbox 2682 865 2778 908; x_wconf 89' lang='lat' dir='ltr'><strong>re-</strong></span> 
     </span>
     <span class='ocr_line' id='line_1_6' title="bbox 567 945 2776 1034; baseline 0.002 -25"><span class='ocrx_word' id='word_1_39' title='bbox 567 966 783 1010; x_wconf 81' lang='lat' dir='ltr'><strong>cessus</strong></span> <span class='ocrx_word' id='word_1_40' title='bbox 840 949 1020 1030; x_wconf 83' lang='lat' dir='ltr'><strong>quasi</strong></span> <span class='ocrx_word' id='word_1_41' title='bbox 1074 949 1350 1034; x_wconf 74' lang='lat' dir='ltr'><strong>migrare</strong></span> <span class='ocrx_word' id='word_1_42' title='bbox 1406 946 1716 1011; x_wconf 85' lang='lat' dir='ltr'><strong>videmus.</strong></span> <span class='ocrx_word' id='word_1_43' title='bbox 1806 945 2020 1031; x_wconf 82' lang='lat' dir='ltr'><strong>Atque</strong></span> <span class='ocrx_word' id='word_1_44' title='bbox 2076 949 2461 1016; x_wconf 78' lang='lat' dir='ltr'><strong>Aristoteles</strong></span> <span class='ocrx_word' id='word_1_45' title='bbox 2520 947 2776 1034; x_wconf 88' lang='lat' dir='ltr'><strong>quidem</strong></span> 
     </span>
     <span class='ocr_line' id='line_1_7' title="bbox 565 1050 2777 1138; baseline 0.001 -22"><span class='ocrx_word' id='word_1_46' title='bbox 565 1050 681 1116; x_wconf 89' lang='lat' dir='ltr'><strong>ubi</strong></span> <span class='ocrx_word' id='word_1_47' title='bbox 736 1054 902 1116; x_wconf 85' lang='lat' dir='ltr'><strong>entis</strong></span> <span class='ocrx_word' id='word_1_48' title='bbox 960 1059 1025 1116; x_wconf 91' lang='lat' dir='ltr'><strong>et</strong></span> <span class='ocrx_word' id='word_1_49' title='bbox 1081 1051 1474 1116; x_wconf 83' lang='lat' dir='ltr'><strong>substantiae</strong></span> <span class='ocrx_word' id='word_1_50' title='bbox 1530 1051 1793 1115; x_wconf 88' lang='lat' dir='ltr'><strong>nomina</strong></span> <span class='ocrx_word' id='word_1_51' title='bbox 1850 1062 2143 1138; x_wconf 87' lang='lat' dir='ltr'><strong>usurpat,</strong></span> <span class='ocrx_word' id='word_1_52' title='bbox 2210 1075 2295 1118; x_wconf 92' lang='lat' dir='ltr'><strong>ne</strong></span> <span class='ocrx_word' id='word_1_53' title='bbox 2355 1053 2777 1119; x_wconf 82' lang='lat' dir='ltr'><strong>diversissima</strong></span> 
     </span>
     <span class='ocr_line' id='line_1_8' title="bbox 567 1145 2779 1245; baseline 0.001 -26"><span class='ocrx_word' id='word_1_54' title='bbox 567 1176 855 1242; x_wconf 89' lang='lat' dir='ltr'><strong>quaeque</strong></span> <span class='ocrx_word' id='word_1_55' title='bbox 914 1156 1179 1219; x_wconf 83' lang='lat' dir='ltr'><strong>miscere</strong></span> <span class='ocrx_word' id='word_1_56' title='bbox 1236 1145 1359 1218; x_wconf 81' lang='lat' dir='ltr'><strong>nee</strong></span> <span class='ocrx_word' id='word_1_57' title='bbox 1402 1154 1532 1220; x_wconf 90' lang='lat' dir='ltr'><strong>ulla</strong></span> <span class='ocrx_word' id='word_1_58' title='bbox 1578 1157 1830 1220; x_wconf 83' lang='lat' dir='ltr'><strong>ratione</strong></span> <span class='ocrx_word' id='word_1_59' title='bbox 1876 1165 2173 1221; x_wconf 76' lang='lat' dir='ltr'><strong>constare</strong></span> <span class='ocrx_word' id='word_1_60' title='bbox 2215 1157 2339 1222; x_wconf 85' lang='lat' dir='ltr'><strong>sibi</strong></span> <span class='ocrx_word' id='word_1_61' title='bbox 2380 1161 2523 1245; x_wconf 83' lang='lat' dir='ltr'><strong>ipse</strong></span> <span class='ocrx_word' id='word_1_62' title='bbox 2565 1157 2779 1222; x_wconf 84' lang='lat' dir='ltr'><strong>videa—</strong></span> 
     </span>
     <span class='ocr_line' id='line_1_9' title="bbox 565 1256 2776 1346; baseline 0 -23"><span class='ocrx_word' id='word_1_63' title='bbox 565 1270 684 1338; x_wconf 86' lang='lat' dir='ltr'><strong>tur,</strong></span> <span class='ocrx_word' id='word_1_64' title='bbox 729 1256 889 1324; x_wconf 92' lang='lat' dir='ltr'><strong>illud</strong></span> <span class='ocrx_word' id='word_1_65' title='bbox 935 1257 1146 1345; x_wconf 82' lang='lat' dir='ltr'><strong>probe</strong></span> <span class='ocrx_word' id='word_1_66' title='bbox 1191 1269 1287 1322; x_wconf 81' lang='lat' dir='ltr'><strong>est</strong></span> <span class='ocrx_word' id='word_1_67' title='bbox 1332 1257 1869 1346; x_wconf 77' lang='lat' dir='ltr'><strong>distinguendum,</strong></span> <span class='ocrx_word' id='word_1_68' title='bbox 1912 1270 2124 1326; x_wconf 82' lang='lat' dir='ltr'><strong>utrum</strong></span> <span class='ocrx_word' id='word_1_69' title='bbox 2162 1282 2342 1326; x_wconf 86' lang='lat' dir='ltr'><strong>usum</strong></span> <span class='ocrx_word' id='word_1_70' title='bbox 2379 1260 2636 1327; x_wconf 82' lang='lat' dir='ltr'><strong>dicendi</strong></span> <span class='ocrx_word' id='word_1_71' title='bbox 2670 1261 2776 1325; x_wconf 82' lang='lat' dir='ltr'><strong>vel</strong></span> 
     </span>
     <span class='ocr_line' id='line_1_10' title="bbox 564 1360 2776 1452; baseline 0.001 -26"><span class='ocrx_word' id='word_1_72' title='bbox 564 1362 894 1451; x_wconf 80' lang='lat' dir='ltr'><strong>vulgarem</strong></span> <span class='ocrx_word' id='word_1_73' title='bbox 936 1360 1045 1428; x_wconf 78' lang='lat' dir='ltr'><strong>vel</strong></span> <span class='ocrx_word' id='word_1_74' title='bbox 1089 1362 1359 1427; x_wconf 89' lang='lat' dir='ltr'><strong>aliorum</strong></span> <span class='ocrx_word' id='word_1_75' title='bbox 1404 1361 1934 1451; x_wconf 86' lang='lat' dir='ltr'><strong>philosophorum</strong></span> <span class='ocrx_word' id='word_1_76' title='bbox 1979 1377 2293 1451; x_wconf 88' lang='lat' dir='ltr'><strong>sequatur,</strong></span> <span class='ocrx_word' id='word_1_77' title='bbox 2337 1387 2419 1429; x_wconf 86' lang='lat' dir='ltr'><strong>an</strong></span> <span class='ocrx_word' id='word_1_78' title='bbox 2465 1364 2618 1452; x_wconf 90' lang='lat' dir='ltr'><strong>quid</strong></span> <span class='ocrx_word' id='word_1_79' title='bbox 2653 1364 2776 1429; x_wconf 85' lang='lat' dir='ltr'><strong>sibi</strong></span> 
     </span>
     <span class='ocr_line' id='line_1_11' title="bbox 565 1464 2775 1557; baseline 0 -26"><span class='ocrx_word' id='word_1_80' title='bbox 565 1469 961 1554; x_wconf 86' lang='lat' dir='ltr'><strong>potissimum</strong></span> <span class='ocrx_word' id='word_1_81' title='bbox 1007 1464 1300 1531; x_wconf 86' lang='lat' dir='ltr'><strong>videatur</strong></span> <span class='ocrx_word' id='word_1_82' title='bbox 1343 1479 1635 1553; x_wconf 80' lang='lat' dir='ltr'><strong>exponat,</strong></span> <span class='ocrx_word' id='word_1_83' title='bbox 1683 1491 2055 1557; x_wconf 86' lang='lat' dir='ltr'><strong>quamquam</strong></span> <span class='ocrx_word' id='word_1_84' title='bbox 2088 1473 2157 1534; x_wconf 89' lang='lat' dir='ltr'><strong>in</strong></span> <span class='ocrx_word' id='word_1_85' title='bbox 2195 1470 2315 1534; x_wconf 87' lang='lat' dir='ltr'><strong>hac</strong></span> <span class='ocrx_word' id='word_1_86' title='bbox 2352 1472 2540 1534; x_wconf 83' lang='lat' dir='ltr'><strong>etiam</strong></span> <span class='ocrx_word' id='word_1_87' title='bbox 2576 1470 2775 1555; x_wconf 86' lang='lat' dir='ltr'><strong>ipsius</strong></span> 
     </span>
     <span class='ocr_line' id='line_1_12' title="bbox 565 1570 2773 1660; baseline -0 -24"><span class='ocrx_word' id='word_1_88' title='bbox 565 1574 878 1637; x_wconf 86' lang='lat' dir='ltr'><strong>sententia</strong></span> <span class='ocrx_word' id='word_1_89' title='bbox 936 1573 1148 1637; x_wconf 88' lang='lat' dir='ltr'><strong>inesse</strong></span> <span class='ocrx_word' id='word_1_90' title='bbox 1193 1570 1666 1660; x_wconf 74' lang='lat' dir='ltr'><strong>ambiguitatem</strong></span> <span class='ocrx_word' id='word_1_91' title='bbox 1724 1574 2040 1660; x_wconf 80' lang='lat' dir='ltr'><strong>quandam</strong></span> <span class='ocrx_word' id='word_1_92' title='bbox 2087 1594 2229 1651; x_wconf 79' lang='lat' dir='ltr'><strong>non</strong></span> <span class='ocrx_word' id='word_1_93' title='bbox 2271 1583 2490 1659; x_wconf 77' lang='lat' dir='ltr'><strong>potest</strong></span> <span class='ocrx_word' id='word_1_94' title='bbox 2530 1574 2773 1660; x_wconf 50' lang='lat' dir='ltr'><strong>nqari.</strong></span> 
     </span>
     <span class='ocr_line' id='line_1_13' title="bbox 563 1675 2776 1762; baseline 0 -22"><span class='ocrx_word' id='word_1_95' title='bbox 563 1677 711 1742; x_wconf 87' lang='lat' dir='ltr'><strong>Hoc</strong></span> <span class='ocrx_word' id='word_1_96' title='bbox 754 1675 1005 1761; x_wconf 89' lang='lat' dir='ltr'><strong>quidem</strong></span> <span class='ocrx_word' id='word_1_97' title='bbox 1053 1678 1288 1762; x_wconf 85' lang='lat' dir='ltr'><strong>capite,</strong></span> <span class='ocrx_word' id='word_1_98' title='bbox 1342 1697 1506 1762; x_wconf 88' lang='lat' dir='ltr'><strong>quae</strong></span> <span class='ocrx_word' id='word_1_99' title='bbox 1552 1685 1649 1741; x_wconf 89' lang='lat' dir='ltr'><strong>est</strong></span> <span class='ocrx_word' id='word_1_100' title='bbox 1694 1681 1975 1744; x_wconf 80' lang='lat' dir='ltr'><strong>universi</strong></span> <span class='ocrx_word' id='word_1_101' title='bbox 2018 1679 2205 1743; x_wconf 88' lang='lat' dir='ltr'><strong>huius</strong></span> <span class='ocrx_word' id='word_1_102' title='bbox 2248 1677 2397 1742; x_wconf 84' lang='lat' dir='ltr'><strong>libri</strong></span> <span class='ocrx_word' id='word_1_103' title='bbox 2437 1679 2632 1754; x_wconf 81' lang='lat' dir='ltr'><strong>ratio,</strong></span> <span class='ocrx_word' id='word_1_104' title='bbox 2680 1678 2776 1741; x_wconf 87' lang='lat' dir='ltr'><strong>ni-</strong></span> 
     </span>
     <span class='ocr_line' id='line_1_14' title="bbox 565 1776 2778 1867; baseline 0.001 -24"><span class='ocrx_word' id='word_1_105' title='bbox 565 1779 655 1844; x_wconf 92' lang='lat' dir='ltr'><strong>hil</strong></span> <span class='ocrx_word' id='word_1_106' title='bbox 700 1800 928 1844; x_wconf 90' lang='lat' dir='ltr'><strong>curans</strong></span> <span class='ocrx_word' id='word_1_107' title='bbox 974 1776 1127 1864; x_wconf 90' lang='lat' dir='ltr'><strong>quid</strong></span> <span class='ocrx_word' id='word_1_108' title='bbox 1172 1781 1309 1865; x_wconf 88' lang='lat' dir='ltr'><strong>ipse</strong></span> <span class='ocrx_word' id='word_1_109' title='bbox 1351 1783 1749 1867; x_wconf 88' lang='lat' dir='ltr'><strong>potissimum</strong></span> <span class='ocrx_word' id='word_1_110' title='bbox 1795 1804 1975 1847; x_wconf 88' lang='lat' dir='ltr'><strong>esse</strong></span> <span class='ocrx_word' id='word_1_111' title='bbox 2031 1791 2314 1860; x_wconf 84' lang='lat' dir='ltr'><strong>censeat,</strong></span> <span class='ocrx_word' id='word_1_112' title='bbox 2372 1782 2561 1846; x_wconf 81' lang='lat' dir='ltr'><strong>unice</strong></span> <span class='ocrx_word' id='word_1_113' title='bbox 2616 1790 2778 1866; x_wconf 84' lang='lat' dir='ltr'><strong>quot</strong></span> 
     </span>
     <span class='ocr_line' id='line_1_15' title="bbox 562 1874 2777 1972; baseline -0 -23"><span class='ocrx_word' id='word_1_114' title='bbox 562 1883 770 1949; x_wconf 87' lang='lat' dir='ltr'><strong>modis</strong></span> <span class='ocrx_word' id='word_1_115' title='bbox 815 1874 892 1948; x_wconf 84' lang='grc' dir='ltr'><strong><em>τὸ</em></strong></span> <span class='ocrx_word' id='word_1_116' title='bbox 937 1875 1016 1949; x_wconf 83' lang='grc' dir='ltr'><strong>ὅν</strong></span> <span class='ocrx_word' id='word_1_117' title='bbox 1061 1894 1403 1970; x_wconf 80' lang='lat' dir='ltr'><strong>usurpetur</strong></span> <span class='ocrx_word' id='word_1_118' title='bbox 1447 1884 1714 1952; x_wconf 88' lang='lat' dir='ltr'><strong>disserit.</strong></span> <span class='ocrx_word' id='word_1_119' title='bbox 1793 1887 1981 1972; x_wconf 85' lang='lat' dir='ltr'><strong>Quos</strong></span> <span class='ocrx_word' id='word_1_120' title='bbox 2021 1895 2225 1952; x_wconf 88' lang='lat' dir='ltr'><strong>autem</strong></span> <span class='ocrx_word' id='word_1_121' title='bbox 2268 1895 2594 1951; x_wconf 79' lang='lat' dir='ltr'><strong>enumerat</strong></span> <span class='ocrx_word' id='word_1_122' title='bbox 2628 1906 2777 1970; x_wconf 84' lang='lat' dir='ltr'><strong>qua-</strong></span> 
     </span>
     <span class='ocr_line' id='line_1_16' title="bbox 561 1981 2771 2075; baseline 0 -21"><span class='ocrx_word' id='word_1_123' title='bbox 561 1999 714 2054; x_wconf 82' lang='lat' dir='ltr'><strong>tuor</strong></span> <span class='ocrx_word' id='word_1_124' title='bbox 758 1990 920 2054; x_wconf 74' lang='lat' dir='ltr'><strong>entis</strong></span> <span class='ocrx_word' id='word_1_125' title='bbox 964 1985 1194 2053; x_wconf 86' lang='lat' dir='ltr'><strong>modos</strong></span> <span class='ocrx_word' id='word_1_126' title='bbox 1240 1982 1317 2053; x_wconf 85' lang='grc' dir='ltr'><strong><em>τὸ</em></strong></span> <span class='ocrx_word' id='word_1_127' title='bbox 1363 1981 1443 2055; x_wconf 82' lang='grc' dir='ltr'><strong>ὂν</strong></span> <span class='ocrx_word' id='word_1_128' title='bbox 1478 1983 1652 2055; x_wconf 78' lang='grc' dir='ltr'><strong><em>κατὰ</em></strong></span> <span class='ocrx_word' id='word_1_129' title='bbox 1692 1986 2105 2075; x_wconf 76' lang='grc' dir='ltr'><strong><em>συμβεβηκός</em></strong></span> <span class='ocrx_word' id='word_1_130' title='bbox 2153 1991 2360 2056; x_wconf 71' lang='lat' dir='ltr'><strong>loma</strong></span> <span class='ocrx_word' id='word_1_131' title='bbox 2388 1992 2427 2056; x_wconf 85' lang='lat'>7</span> <span class='ocrx_word' id='word_1_132' title='bbox 2444 1990 2649 2067; x_wconf 71' lang='lat'><strong>-22,</strong></span> <span class='ocrx_word' id='word_1_133' title='bbox 2694 1983 2771 2055; x_wconf 74' lang='grc' dir='ltr'><strong><em>τὸ</em></strong></span> 
     </span>
     <span class='ocr_line' id='line_1_17' title="bbox 563 2085 2776 2182; baseline -0.001 -23"><span class='ocrx_word' id='word_1_134' title='bbox 563 2085 643 2159; x_wconf 74' lang='grc' dir='ltr'><strong>ὃν</strong></span> <span class='ocrx_word' id='word_1_135' title='bbox 696 2085 869 2157; x_wconf 73' lang='grc' dir='ltr'><strong><em>κατὰ</em></strong></span> <span class='ocrx_word' id='word_1_136' title='bbox 921 2086 1009 2156; x_wconf 77' lang='grc' dir='ltr'><strong><em>τοὶ</em></strong></span> <span class='ocrx_word' id='word_1_137' title='bbox 1064 2087 1376 2177; x_wconf 81' lang='grc' dir='ltr'><strong><em>σχήματα</em></strong></span> <span class='ocrx_word' id='word_1_138' title='bbox 1421 2096 1541 2174; x_wconf 78' lang='grc' dir='ltr'><strong><em>τῆς</em></strong></span> <span class='ocrx_word' id='word_1_139' title='bbox 1584 2097 1985 2182; x_wconf 77' lang='grc' dir='ltr'><strong><em>κατηγορίας</em></strong></span> <span class='ocrx_word' id='word_1_140' title='bbox 2020 2095 2386 2173; x_wconf 63' lang='lat' dir='ltr'><strong>‹zm—30,</strong></span> <span class='ocrx_word' id='word_1_141' title='bbox 2442 2087 2521 2158; x_wconf 81' lang='grc' dir='ltr'><strong><em>τὸ</em></strong></span> <span class='ocrx_word' id='word_1_142' title='bbox 2566 2085 2645 2158; x_wconf 82' lang='grc' dir='ltr'><strong>ὂν</strong></span> <span class='ocrx_word' id='word_1_143' title='bbox 2688 2089 2776 2169; x_wconf 80' lang='grc' dir='ltr'><strong>ὡς</strong></span> 
     </span>
     <span class='ocr_line' id='line_1_18' title="bbox 561 2189 2775 2285; baseline -0 -23"><span class='ocrx_word' id='word_1_144' title='bbox 561 2194 822 2275; x_wconf 74' lang='grc' dir='ltr'><strong><em>ἀληθές</em></strong></span> <span class='ocrx_word' id='word_1_145' title='bbox 850 2196 984 2260; x_wconf 68' lang='lat'><strong>«31</strong></span> <span class='ocrx_word' id='word_1_146' title='bbox 1005 2197 1206 2275; x_wconf 85' lang='lat'>—35‚</span> <span class='ocrx_word' id='word_1_147' title='bbox 1241 2189 1318 2262; x_wconf 84' lang='grc' dir='ltr'><strong><em>τὸ</em></strong></span> <span class='ocrx_word' id='word_1_148' title='bbox 1354 2190 1433 2263; x_wconf 77' lang='grc' dir='ltr'><strong>ὃν</strong></span> <span class='ocrx_word' id='word_1_149' title='bbox 1467 2193 1741 2281; x_wconf 74' lang='grc' dir='ltr'><strong><em>δυνάμει</em></strong></span> <span class='ocrx_word' id='word_1_150' title='bbox 1772 2200 1886 2263; x_wconf 85' lang='grc' dir='ltr'><strong>καὶ</strong></span> <span class='ocrx_word' id='word_1_151' title='bbox 1919 2199 2212 2285; x_wconf 75' lang='grc' dir='ltr'><strong>ἐνεργείᾳ</strong></span> <span class='ocrx_word' id='word_1_152' title='bbox 2243 2199 2591 2275; x_wconf 50' lang='grc' dir='ltr'><strong>σ35-νό9,</strong></span> <span class='ocrx_word' id='word_1_153' title='bbox 2632 2217 2775 2261; x_wconf 88' lang='lat' dir='ltr'><strong>eos-</strong></span> 
     </span>
     <span class='ocr_line' id='line_1_19' title="bbox 563 2299 2771 2385; baseline 0.001 -20"><span class='ocrx_word' id='word_1_154' title='bbox 563 2299 706 2365; x_wconf 87' lang='lat' dir='ltr'><strong>dem</strong></span> <span class='ocrx_word' id='word_1_155' title='bbox 749 2301 988 2385; x_wconf 87' lang='lat' dir='ltr'><strong>pariter</strong></span> <span class='ocrx_word' id='word_1_156' title='bbox 1033 2320 1254 2364; x_wconf 87' lang='lat' dir='ltr'><strong>omnes</strong></span> <span class='ocrx_word' id='word_1_157' title='bbox 1301 2299 1634 2367; x_wconf 78' lang='lat' dir='ltr'><strong>distinctos</strong></span> <span class='ocrx_word' id='word_1_158' title='bbox 1680 2300 1966 2366; x_wconf 83' lang='lat' dir='ltr'><strong>videmus</strong></span> <span class='ocrx_word' id='word_1_159' title='bbox 2010 2302 2081 2365; x_wconf 82' lang='lat' dir='ltr'><em>E</em></span> <span class='ocrx_word' id='word_1_160' title='bbox 2117 2303 2178 2366; x_wconf 76' lang='lat'><strong>2.</strong></span> <span class='ocrx_word' id='word_1_161' title='bbox 2227 2304 2438 2367; x_wconf 67' lang='lat' dir='ltr'><strong>lewa</strong></span> <span class='ocrx_word' id='word_1_162' title='bbox 2472 2303 2771 2379; x_wconf 76' lang='lat' dir='ltr'><strong>33-b2,</strong></span> 
     </span>
     <span class='ocr_line' id='line_1_20' title="bbox 562 2396 2769 2492; baseline 0 -23"><span class='ocrx_word' id='word_1_163' title='bbox 562 2403 843 2490; x_wconf 88' lang='lat' dir='ltr'><strong>reliquos</strong></span> <span class='ocrx_word' id='word_1_164' title='bbox 872 2413 1132 2490; x_wconf 88' lang='lat' dir='ltr'><strong>praeter</strong></span> <span class='ocrx_word' id='word_1_165' title='bbox 1158 2398 1236 2470; x_wconf 82' lang='grc' dir='ltr'><strong><em>τὸ</em></strong></span> <span class='ocrx_word' id='word_1_166' title='bbox 1268 2396 1346 2471; x_wconf 81' lang='grc' dir='ltr'><strong>ὃν</strong></span> <span class='ocrx_word' id='word_1_167' title='bbox 1369 2399 1540 2470; x_wconf 75' lang='grc' dir='ltr'><strong><em>κατὰ</em></strong></span> <span class='ocrx_word' id='word_1_168' title='bbox 1567 2401 1984 2492; x_wconf 69' lang='grc' dir='ltr'><strong><em>συμβεβηκός</em></strong></span> <span class='ocrx_word' id='word_1_169' title='bbox 2016 2406 2073 2471; x_wconf 82' lang='grc' dir='ltr'><em>Θ</em></span> <span class='ocrx_word' id='word_1_170' title='bbox 2097 2408 2199 2472; x_wconf 83' lang='grc'><strong>10.</strong></span> <span class='ocrx_word' id='word_1_171' title='bbox 2232 2407 2442 2472; x_wconf 75' lang='lat' dir='ltr'><strong>loma</strong></span> <span class='ocrx_word' id='word_1_172' title='bbox 2465 2406 2769 2472; x_wconf 64' lang='lat'><strong>34—02.</strong></span> 
     </span>
     <span class='ocr_line' id='line_1_21' title="bbox 561 2510 1121 2575; baseline -0.002 0"><span class='ocrx_word' id='word_1_173' title='bbox 561 2511 641 2575; x_wconf 83' lang='lat' dir='ltr'><em>N</em></span> <span class='ocrx_word' id='word_1_174' title='bbox 667 2511 731 2574; x_wconf 86' lang='lat'><strong>3.</strong></span> <span class='ocrx_word' id='word_1_175' title='bbox 775 2510 984 2574; x_wconf 70' lang='lat' dir='ltr'><strong>losse</strong></span> <span class='ocrx_word' id='word_1_176' title='bbox 1012 2510 1121 2574; x_wconf 84' lang='lat'><strong>26.</strong></span> 
     </span>
    </p>

    <p class='ocr_par' dir='ltr' id='par_1_3' title="bbox 556 2559 2773 4570">
     <span class='ocr_line' id='line_1_22' title="bbox 694 2559 2771 2701; baseline -0 -23"><span class='ocrx_word' id='word_1_177' title='bbox 694 2617 778 2695; x_wconf 84' lang='lat' dir='ltr'><strong>a)</strong></span> <span class='ocrx_word' id='word_1_178' title='bbox 825 2617 994 2680; x_wconf 87' lang='lat'>1017</span> <span class='ocrx_word' id='word_1_179' title='bbox 1000 2633 1035 2670; x_wconf 83' lang='lat' dir='ltr'><em>a</em></span> <span class='ocrx_word' id='word_1_180' title='bbox 1060 2614 1327 2680; x_wconf 67' lang='lat'><strong>8-22</strong></span> <span class='ocrx_word' id='word_1_181' title='bbox 1406 2608 1500 2680; x_wconf 84' lang='grc' dir='ltr'><strong>Τὸ</strong></span> <span class='ocrx_word' id='word_1_182' title='bbox 1547 2608 1626 2682; x_wconf 77' lang='grc' dir='ltr'><strong>ὃν</strong></span> <span class='ocrx_word' id='word_1_183' title='bbox 1668 2636 1840 2680; x_wconf 83' lang='grc' dir='ltr'><strong><em>κατα</em></strong></span> <span class='ocrx_word' id='word_1_184' title='bbox 1878 2611 2292 2701; x_wconf 76' lang='grc' dir='ltr'><strong><em>συμβεβηκός</em></strong></span> <span class='ocrx_word' id='word_1_185' title='bbox 2327 2559 2601 2681; x_wconf 80' lang='lat' dir='ltr'><strong>eundem</strong></span> <span class='ocrx_word' id='word_1_186' title='bbox 2634 2614 2771 2678; x_wconf 84' lang='lat' dir='ltr'><strong>fere</strong></span> 
     </span>
     <span class='ocr_line' id='line_1_23' title="bbox 559 2710 2771 2806; baseline -0.001 -23"><span class='ocrx_word' id='word_1_187' title='bbox 559 2722 628 2783; x_wconf 92' lang='lat' dir='ltr'><strong>in</strong></span> <span class='ocrx_word' id='word_1_188' title='bbox 684 2717 942 2784; x_wconf 89' lang='lat' dir='ltr'><strong>modum</strong></span> <span class='ocrx_word' id='word_1_189' title='bbox 1003 2720 1291 2805; x_wconf 84' lang='lat' dir='ltr'><strong>exponit,</strong></span> <span class='ocrx_word' id='word_1_190' title='bbox 1349 2729 1541 2805; x_wconf 86' lang='lat' dir='ltr'><strong>atque</strong></span> <span class='ocrx_word' id='word_1_191' title='bbox 1598 2722 1666 2784; x_wconf 87' lang='lat' dir='ltr'><strong>in</strong></span> <span class='ocrx_word' id='word_1_192' title='bbox 1723 2723 2055 2806; x_wconf 85' lang='lat' dir='ltr'><strong>superiore</strong></span> <span class='ocrx_word' id='word_1_193' title='bbox 2115 2723 2321 2806; x_wconf 80' lang='lat' dir='ltr'><strong>eapite</strong></span> <span class='ocrx_word' id='word_1_194' title='bbox 2364 2712 2443 2784; x_wconf 87' lang='grc' dir='ltr'><strong><em>τὸ</em></strong></span> <span class='ocrx_word' id='word_1_195' title='bbox 2486 2718 2557 2784; x_wconf 72' lang='grc' dir='ltr'><strong>ἓν</strong></span> <span class='ocrx_word' id='word_1_196' title='bbox 2600 2710 2771 2782; x_wconf 78' lang='grc' dir='ltr'><strong><em>κατὰ</em></strong></span> 
     </span>
     <span class='ocr_line' id='line_1_24' title="bbox 560 2818 2773 2910; baseline -0.001 -22"><span class='ocrx_word' id='word_1_197' title='bbox 560 2818 1002 2908; x_wconf 76' lang='grc' dir='ltr'><strong><em>συμβεβηκόςε</em></strong></span> <span class='ocrx_word' id='word_1_198' title='bbox 1060 2821 1380 2910; x_wconf 82' lang='lat' dir='ltr'><strong>significat</strong></span> <span class='ocrx_word' id='word_1_199' title='bbox 1437 2826 1605 2887; x_wconf 89' lang='lat' dir='ltr'><strong>enim</strong></span> <span class='ocrx_word' id='word_1_200' title='bbox 1648 2825 1777 2888; x_wconf 84' lang='lat' dir='ltr'><strong>hoe</strong></span> <span class='ocrx_word' id='word_1_201' title='bbox 1822 2827 2021 2888; x_wconf 83' lang='lat' dir='ltr'><strong>etiam</strong></span> <span class='ocrx_word' id='word_1_202' title='bbox 2051 2826 2350 2889; x_wconf 82' lang='lat' dir='ltr'><strong>universe</strong></span> <span class='ocrx_word' id='word_1_203' title='bbox 2396 2844 2532 2888; x_wconf 87' lang='lat' dir='ltr'><strong>eam</strong></span> <span class='ocrx_word' id='word_1_204' title='bbox 2578 2825 2773 2886; x_wconf 88' lang='lat' dir='ltr'><strong>ratio-</strong></span> 
     </span>
     <span class='ocr_line' id='line_1_25' title="bbox 559 2925 2770 3017; baseline 0 -26"><span class='ocrx_word' id='word_1_205' title='bbox 559 2946 734 3006; x_wconf 86' lang='lat' dir='ltr'><strong>nem,</strong></span> <span class='ocrx_word' id='word_1_206' title='bbox 795 2948 957 3013; x_wconf 85' lang='lat' dir='ltr'><strong>quae</strong></span> <span class='ocrx_word' id='word_1_207' title='bbox 1013 2929 1181 2992; x_wconf 79' lang='lat' dir='ltr'><strong>inter</strong></span> <span class='ocrx_word' id='word_1_208' title='bbox 1232 2926 1643 2993; x_wconf 76' lang='lat' dir='ltr'><strong>substantiam</strong></span> <span class='ocrx_word' id='word_1_209' title='bbox 1702 2930 1965 3017; x_wconf 77' lang='lat' dir='ltr'><strong>eiusque</strong></span> <span class='ocrx_word' id='word_1_210' title='bbox 2016 2926 2366 2992; x_wconf 75' lang='lat' dir='ltr'><strong>accidentia</strong></span> <span class='ocrx_word' id='word_1_211' title='bbox 2410 2925 2770 2991; x_wconf 77' lang='lat' dir='ltr'><strong>intercedit.</strong></span> 
     </span>
     <span class='ocr_line' id='line_1_26' title="bbox 559 3023 2772 3116; baseline -0.001 -20"><span class='ocrx_word' id='word_1_212' title='bbox 559 3030 692 3096; x_wconf 85' lang='lat' dir='ltr'><strong>Sed</strong></span> <span class='ocrx_word' id='word_1_213' title='bbox 736 3034 803 3095; x_wconf 89' lang='lat' dir='ltr'><strong>in</strong></span> <span class='ocrx_word' id='word_1_214' title='bbox 848 3034 927 3095; x_wconf 86' lang='lat' dir='ltr'><strong>iis</strong></span> <span class='ocrx_word' id='word_1_215' title='bbox 974 3030 1555 3108; x_wconf 80' lang='lat' dir='ltr'><strong>enuneiationibus,</strong></span> <span class='ocrx_word' id='word_1_216' title='bbox 1617 3031 1848 3116; x_wconf 88' lang='lat' dir='ltr'><strong>quibus</strong></span> <span class='ocrx_word' id='word_1_217' title='bbox 1896 3025 1974 3096; x_wconf 84' lang='grc' dir='ltr'><strong><em>τὸ</em></strong></span> <span class='ocrx_word' id='word_1_218' title='bbox 2021 3023 2099 3096; x_wconf 78' lang='grc' dir='ltr'><strong>ὃν</strong></span> <span class='ocrx_word' id='word_1_219' title='bbox 2142 3024 2316 3095; x_wconf 72' lang='grc' dir='ltr'><strong><em>κατὰ</em></strong></span> <span class='ocrx_word' id='word_1_220' title='bbox 2358 3024 2772 3113; x_wconf 65' lang='grc' dir='ltr'><strong><em>συμβεβηκός</em></strong></span> 
     </span>
     <span class='ocr_line' id='line_1_27' title="bbox 557 3132 2772 3220; baseline -0 -22"><span class='ocrx_word' id='word_1_221' title='bbox 557 3133 979 3220; x_wconf 82' lang='lat' dir='ltr'><strong>praedicatur,</strong></span> <span class='ocrx_word' id='word_1_222' title='bbox 1020 3137 1188 3198; x_wconf 86' lang='lat' dir='ltr'><strong>inest</strong></span> <span class='ocrx_word' id='word_1_223' title='bbox 1230 3132 1537 3219; x_wconf 84' lang='lat' dir='ltr'><strong>quaedam</strong></span> <span class='ocrx_word' id='word_1_224' title='bbox 1585 3133 1949 3211; x_wconf 74' lang='lat' dir='ltr'><strong>diversitas3</strong></span> <span class='ocrx_word' id='word_1_225' title='bbox 1992 3133 2291 3199; x_wconf 76' lang='lat' dir='ltr'><strong>tribuitur</strong></span> <span class='ocrx_word' id='word_1_226' title='bbox 2330 3136 2491 3198; x_wconf 78' lang='lat' dir='ltr'><strong>enim</strong></span> <span class='ocrx_word' id='word_1_227' title='bbox 2528 3144 2639 3197; x_wconf 79' lang='lat' dir='ltr'><strong>aut</strong></span> <span class='ocrx_word' id='word_1_228' title='bbox 2669 3154 2772 3197; x_wconf 81' lang='lat' dir='ltr'><strong>ae-</strong></span> 
     </span>
     <span class='ocr_line' id='line_1_28' title="bbox 559 3230 2771 3322; baseline -0 -19"><span class='ocrx_word' id='word_1_229' title='bbox 559 3236 784 3303; x_wconf 77' lang='lat' dir='ltr'><strong>eidens</strong></span> <span class='ocrx_word' id='word_1_230' title='bbox 824 3236 1215 3302; x_wconf 81' lang='lat' dir='ltr'><strong>substantiae</strong></span> <span class='ocrx_word' id='word_1_231' title='bbox 1259 3240 1336 3315; x_wconf 90' lang='lat' dir='ltr'><strong>ei,</strong></span> <span class='ocrx_word' id='word_1_232' title='bbox 1382 3240 1561 3303; x_wconf 84' lang='lat' dir='ltr'><strong>euius</strong></span> <span class='ocrx_word' id='word_1_233' title='bbox 1607 3249 1706 3303; x_wconf 85' lang='lat' dir='ltr'><strong>est</strong></span> <span class='ocrx_word' id='word_1_234' title='bbox 1749 3238 2072 3318; x_wconf 75' lang='lat' dir='ltr'><strong>accidens,</strong></span> <span class='ocrx_word' id='word_1_235' title='bbox 2119 3235 2156 3303; x_wconf 89' lang='grc' dir='ltr'>ὁ</span> <span class='ocrx_word' id='word_1_236' title='bbox 2201 3230 2565 3322; x_wconf 75' lang='grc' dir='ltr'><strong><em>ἄνθ-ρωπος</em></strong></span> <span class='ocrx_word' id='word_1_237' title='bbox 2605 3259 2771 3321; x_wconf 76' lang='grc' dir='ltr'><strong><em>μου·</em></strong></span> 
     </span>
     <span class='ocr_line' id='line_1_29' title="bbox 559 3336 2771 3429; baseline -0.002 -20"><span class='ocrx_word' id='word_1_238' title='bbox 559 3336 744 3417; x_wconf 79' lang='grc' dir='ltr'><strong><em>σικός</em></strong></span> <span class='ocrx_word' id='word_1_239' title='bbox 783 3345 938 3419; x_wconf 73' lang='grc' dir='ltr'><strong><em>ἐστι,</em></strong></span> <span class='ocrx_word' id='word_1_240' title='bbox 984 3350 1094 3406; x_wconf 83' lang='lat' dir='ltr'><strong>aut</strong></span> <span class='ocrx_word' id='word_1_241' title='bbox 1139 3340 1433 3407; x_wconf 84' lang='lat' dir='ltr'><strong>accidens</strong></span> <span class='ocrx_word' id='word_1_242' title='bbox 1479 3342 1813 3421; x_wconf 84' lang='lat' dir='ltr'><strong>accidenti,</strong></span> <span class='ocrx_word' id='word_1_243' title='bbox 1858 3342 2032 3429; x_wconf 83' lang='lat' dir='ltr'><strong>quod</strong></span> <span class='ocrx_word' id='word_1_244' title='bbox 2070 3341 2278 3406; x_wconf 83' lang='lat' dir='ltr'><strong>eidem</strong></span> <span class='ocrx_word' id='word_1_245' title='bbox 2308 3342 2596 3406; x_wconf 78' lang='lat' dir='ltr'><strong>inhaeret</strong></span> <span class='ocrx_word' id='word_1_246' title='bbox 2625 3340 2771 3405; x_wconf 86' lang='lat' dir='ltr'><strong>suh-</strong></span> 
     </span>
     <span class='ocr_line' id='line_1_30' title="bbox 557 3438 2770 3532; baseline -0 -22"><span class='ocrx_word' id='word_1_247' title='bbox 557 3447 880 3523; x_wconf 78' lang='lat' dir='ltr'><strong>stantiae,.</strong></span> <span class='ocrx_word' id='word_1_248' title='bbox 913 3439 992 3509; x_wconf 81' lang='grc' dir='ltr'><strong><em>τὸ</em></strong></span> <span class='ocrx_word' id='word_1_249' title='bbox 1049 3438 1363 3530; x_wconf 68' lang='grc' dir='ltr'><strong><em>μουσικὸν</em></strong></span> <span class='ocrx_word' id='word_1_250' title='bbox 1419 3442 1652 3511; x_wconf 63' lang='grc' dir='ltr'><strong><em>λευκόν</em></strong></span> <span class='ocrx_word' id='word_1_251' title='bbox 1707 3452 1874 3523; x_wconf 79' lang='grc' dir='ltr'><strong><em>ἐστι,</em></strong></span> <span class='ocrx_word' id='word_1_252' title='bbox 1934 3455 2044 3511; x_wconf 85' lang='lat' dir='ltr'><strong>aut</strong></span> <span class='ocrx_word' id='word_1_253' title='bbox 2098 3444 2374 3532; x_wconf 90' lang='lat' dir='ltr'><strong>denique</strong></span> <span class='ocrx_word' id='word_1_254' title='bbox 2417 3444 2770 3510; x_wconf 78' lang='lat' dir='ltr'><strong>substantia</strong></span> 
     </span>
     <span class='ocr_line' id='line_1_31' title="bbox 559 3542 2770 3637; baseline -0.001 -23"><span class='ocrx_word' id='word_1_255' title='bbox 559 3570 678 3619; x_wconf 84' lang='lat' dir='ltr'><strong>suo</strong></span> <span class='ocrx_word' id='word_1_256' title='bbox 717 3547 1048 3628; x_wconf 73' lang='lat' dir='ltr'><strong>accidenti,</strong></span> <span class='ocrx_word' id='word_1_257' title='bbox 1090 3546 1167 3613; x_wconf 83' lang='grc' dir='ltr'><strong><em>τὸ</em></strong></span> <span class='ocrx_word' id='word_1_258' title='bbox 1204 3544 1520 3634; x_wconf 78' lang='grc' dir='ltr'><strong><em>μουσικὸν</em></strong></span> <span class='ocrx_word' id='word_1_259' title='bbox 1559 3542 1924 3637; x_wconf 76' lang='grc' dir='ltr'><strong><em>ἄνθρωπός</em></strong></span> <span class='ocrx_word' id='word_1_260' title='bbox 1958 3553 2112 3615; x_wconf 78' lang='grc' dir='ltr'><strong>ἐστι.</strong></span> <span class='ocrx_word' id='word_1_261' title='bbox 2180 3550 2536 3615; x_wconf 79' lang='lat' dir='ltr'><strong>Extremam</strong></span> <span class='ocrx_word' id='word_1_262' title='bbox 2572 3569 2770 3613; x_wconf 88' lang='lat' dir='ltr'><strong>enun-</strong></span> 
     </span>
     <span class='ocr_line' id='line_1_32' title="bbox 559 3645 2769 3739; baseline 0 -22"><span class='ocrx_word' id='word_1_263' title='bbox 559 3653 771 3721; x_wconf 80' lang='lat' dir='ltr'><strong>ciandi</strong></span> <span class='ocrx_word' id='word_1_264' title='bbox 810 3657 1123 3719; x_wconf 85' lang='lat' dir='ltr'><strong>rationem</strong></span> <span class='ocrx_word' id='word_1_265' title='bbox 1152 3654 1249 3718; x_wconf 91' lang='lat' dir='ltr'><strong>his</strong></span> <span class='ocrx_word' id='word_1_266' title='bbox 1279 3651 1495 3718; x_wconf 86' lang='lat' dir='ltr'><strong>verbis</strong></span> <span class='ocrx_word' id='word_1_267' title='bbox 1524 3652 1911 3719; x_wconf 75' lang='lat' dir='ltr'><strong>Aristoteles</strong></span> <span class='ocrx_word' id='word_1_268' title='bbox 1944 3651 2214 3739; x_wconf 74' lang='lat' dir='ltr'><strong>explicat</strong></span> <span class='ocrx_word' id='word_1_269' title='bbox 2249 3654 2413 3718; x_wconf 79' lang='lat' dir='ltr'><strong>a21·</strong></span> <span class='ocrx_word' id='word_1_270' title='bbox 2456 3647 2560 3718; x_wconf 80' lang='grc' dir='ltr'><strong><em>ὅτι</em></strong></span> <span class='ocrx_word' id='word_1_271' title='bbox 2604 3645 2769 3718; x_wconf 79' lang='grc' dir='ltr'><strong><em>αὐτὸ</em></strong></span> 
     </span>
     <span class='ocr_line' id='line_1_33' title="bbox 558 3748 2769 3845; baseline -0.001 -22"><span class='ocrx_word' id='word_1_272' title='bbox 558 3758 754 3835; x_wconf 65' lang='grc' dir='ltr'><strong><em>ἔστιν,</em></strong></span> <span class='ocrx_word' id='word_1_273' title='bbox 794 3748 848 3842; x_wconf 77' lang='grc' dir='ltr'><em>ᾦ</em></span> <span class='ocrx_word' id='word_1_274' title='bbox 874 3753 1152 3845; x_wconf 74' lang='grc' dir='ltr'><strong><em>ὑπάρχει</em></strong></span> <span class='ocrx_word' id='word_1_275' title='bbox 1180 3779 1263 3821; x_wconf 77' lang='grc' dir='ltr'><strong>ον</strong></span> <span class='ocrx_word' id='word_1_276' title='bbox 1294 3750 1458 3821; x_wconf 77' lang='grc' dir='ltr'><strong><em>αὐτὸ</em></strong></span> <span class='ocrx_word' id='word_1_277' title='bbox 1497 3765 1977 3845; x_wconf 72' lang='grc' dir='ltr'><strong><em>κατηγορεῖται,</em></strong></span> <span class='ocrx_word' id='word_1_278' title='bbox 2020 3756 2081 3821; x_wconf 90' lang='lat' dir='ltr'><strong>h.</strong></span> <span class='ocrx_word' id='word_1_279' title='bbox 2114 3779 2171 3822; x_wconf 90' lang='lat' dir='ltr'><strong>e.</strong></span> <span class='ocrx_word' id='word_1_280' title='bbox 2216 3753 2319 3821; x_wconf 84' lang='grc' dir='ltr'><strong><em>ὅτι</em></strong></span> <span class='ocrx_word' id='word_1_281' title='bbox 2348 3751 2515 3822; x_wconf 78' lang='grc' dir='ltr'><strong><em>αὐτὸ</em></strong></span> <span class='ocrx_word' id='word_1_282' title='bbox 2540 3750 2620 3821; x_wconf 83' lang='grc' dir='ltr'><strong><em>τὸ</em></strong></span> <span class='ocrx_word' id='word_1_283' title='bbox 2648 3777 2769 3820; x_wconf 80' lang='grc' dir='ltr'><strong>κα-</strong></span> 
     </span>
     <span class='ocr_line' id='line_1_34' title="bbox 557 3851 2769 3948; baseline 0 -23"><span class='ocrx_word' id='word_1_284' title='bbox 557 3882 1060 3948; x_wconf 71' lang='grc' dir='ltr'><strong><em>τηγοροωμενον,</em></strong></span> <span class='ocrx_word' id='word_1_285' title='bbox 1106 3856 1253 3925; x_wconf 80' lang='grc' dir='ltr'><strong><em>οἷον</em></strong></span> <span class='ocrx_word' id='word_1_286' title='bbox 1299 3856 1336 3925; x_wconf 88' lang='grc' dir='ltr'>ὁ</span> <span class='ocrx_word' id='word_1_287' title='bbox 1385 3852 1767 3947; x_wconf 65' lang='grc' dir='ltr'><strong><em>ἅνθρωπος,</em></strong></span> <span class='ocrx_word' id='word_1_288' title='bbox 1812 3862 2004 3939; x_wconf 72' lang='grc' dir='ltr'><strong><em>ἔστιν,</em></strong></span> <span class='ocrx_word' id='word_1_289' title='bbox 2048 3851 2101 3943; x_wconf 80' lang='grc' dir='ltr'><em>ᾦ</em></span> <span class='ocrx_word' id='word_1_290' title='bbox 2143 3883 2316 3925; x_wconf 79' lang='grc' dir='ltr'><strong><em>κατα</em></strong></span> <span class='ocrx_word' id='word_1_291' title='bbox 2356 3852 2769 3945; x_wconf 76' lang='grc' dir='ltr'><strong><em>συμβεβηκὸς</em></strong></span> 
     </span>
     <span class='ocr_line' id='line_1_35' title="bbox 556 3953 2768 4053; baseline 0 -24"><span class='ocrx_word' id='word_1_292' title='bbox 556 3960 831 4051; x_wconf 75' lang='grc' dir='ltr'><em>ὑπάρχει</em></span> <span class='ocrx_word' id='word_1_293' title='bbox 872 3959 951 4030; x_wconf 73' lang='grc' dir='ltr'><strong><em>τὸ</em></strong></span> <span class='ocrx_word' id='word_1_294' title='bbox 993 3958 1339 4050; x_wconf 84' lang='grc' dir='ltr'><strong><em>μουσικόν,</em></strong></span> <span class='ocrx_word' id='word_1_295' title='bbox 1398 3953 1479 4029; x_wconf 87' lang='grc' dir='ltr'><strong>οὗ</strong></span> <span class='ocrx_word' id='word_1_296' title='bbox 1521 3960 1720 4044; x_wconf 75' lang='grc' dir='ltr'><strong><em>αὐτό,</em></strong></span> <span class='ocrx_word' id='word_1_297' title='bbox 1770 3959 1921 4044; x_wconf 84' lang='grc' dir='ltr'><strong><em>ἤτοι</em></strong></span> <span class='ocrx_word' id='word_1_298' title='bbox 1965 3960 2002 4029; x_wconf 82' lang='grc' dir='ltr'><strong>ὀ</strong></span> <span class='ocrx_word' id='word_1_299' title='bbox 2048 3957 2441 4053; x_wconf 56' lang='grc' dir='ltr'><strong><em>ἄνθρακος,</em></strong></span> <span class='ocrx_word' id='word_1_300' title='bbox 2482 3986 2768 4047; x_wconf 76' lang='grc' dir='ltr'><strong><em>κατηγο-</em></strong></span> 
     </span>
     <span class='ocr_line' id='line_1_36' title="bbox 558 4066 2765 4155; baseline -0.001 -23"><span class='ocrx_word' id='word_1_301' title='bbox 558 4073 787 4150; x_wconf 83' lang='grc' dir='ltr'><strong><em>ρεῖται.</em></strong></span> <span class='ocrx_word' id='word_1_302' title='bbox 861 4068 1097 4148; x_wconf 86' lang='lat' dir='ltr'><strong>(Falso</strong></span> <span class='ocrx_word' id='word_1_303' title='bbox 1144 4070 1313 4134; x_wconf 86' lang='lat' dir='ltr'><strong>hunc</strong></span> <span class='ocrx_word' id='word_1_304' title='bbox 1357 4067 1568 4134; x_wconf 84' lang='lat' dir='ltr'><strong>locum</strong></span> <span class='ocrx_word' id='word_1_305' title='bbox 1616 4071 2015 4155; x_wconf 86' lang='lat' dir='ltr'><strong>interpretati</strong></span> <span class='ocrx_word' id='word_1_306' title='bbox 2060 4078 2209 4133; x_wconf 88' lang='lat' dir='ltr'><strong>sunt</strong></span> <span class='ocrx_word' id='word_1_307' title='bbox 2246 4069 2454 4134; x_wconf 76' lang='lat' dir='ltr'><strong>Schw,</strong></span> <span class='ocrx_word' id='word_1_308' title='bbox 2502 4067 2584 4132; x_wconf 84' lang='lat' dir='ltr'><strong>ad</strong></span> <span class='ocrx_word' id='word_1_309' title='bbox 2629 4068 2690 4131; x_wconf 87' lang='lat' dir='ltr'><strong>h.</strong></span> <span class='ocrx_word' id='word_1_310' title='bbox 2722 4066 2765 4130; x_wconf 90' lang='lat'><strong>1.</strong></span> 
     </span>
     <span class='ocr_line' id='line_1_37' title="bbox 558 4166 2766 4260; baseline 0.001 -28"><span class='ocrx_word' id='word_1_311' title='bbox 558 4170 786 4234; x_wconf 85' lang='lat' dir='ltr'><strong>Waitz</strong></span> <span class='ocrx_word' id='word_1_312' title='bbox 849 4172 1011 4260; x_wconf 81' lang='lat' dir='ltr'><strong>Org.</strong></span> <span class='ocrx_word' id='word_1_313' title='bbox 1070 4174 1149 4237; x_wconf 76' lang='lat' dir='ltr'><strong>4oe</strong></span> <span class='ocrx_word' id='word_1_314' title='bbox 1201 4174 1347 4254; x_wconf 83' lang='lat'><strong>12.)</strong></span> <span class='ocrx_word' id='word_1_315' title='bbox 1449 4173 1738 4238; x_wconf 86' lang='lat' dir='ltr'><strong>Verbum</strong></span> <span class='ocrx_word' id='word_1_316' title='bbox 1796 4173 1972 4237; x_wconf 77' lang='grc' dir='ltr'><strong><em>ἔστιν</em></strong></span> <span class='ocrx_word' id='word_1_317' title='bbox 2026 4174 2250 4257; x_wconf 85' lang='lat' dir='ltr'><strong>scripsi</strong></span> <span class='ocrx_word' id='word_1_318' title='bbox 2303 4166 2766 4256; x_wconf 82' lang='grc' dir='ltr'><strong><em>παροξυτόνως</em></strong></span> 
     </span>
     <span class='ocr_line' id='line_1_38' title="bbox 560 4276 2768 4365; baseline 0 -27"><span class='ocrx_word' id='word_1_319' title='bbox 560 4277 705 4359; x_wconf 85' lang='lat' dir='ltr'><strong>quia</strong></span> <span class='ocrx_word' id='word_1_320' title='bbox 776 4280 1089 4343; x_wconf 85' lang='lat' dir='ltr'><strong>essentiae</strong></span> <span class='ocrx_word' id='word_1_321' title='bbox 1156 4276 1538 4365; x_wconf 83' lang='lat' dir='ltr'><strong>significatio</strong></span> <span class='ocrx_word' id='word_1_322' title='bbox 1609 4280 1677 4342; x_wconf 89' lang='lat' dir='ltr'><strong>in</strong></span> <span class='ocrx_word' id='word_1_323' title='bbox 1744 4279 1869 4341; x_wconf 85' lang='lat' dir='ltr'><strong>hoc</strong></span> <span class='ocrx_word' id='word_1_324' title='bbox 1945 4278 2457 4342; x_wconf 86' lang='lat' dir='ltr'><strong>enunciationum</strong></span> <span class='ocrx_word' id='word_1_325' title='bbox 2527 4295 2768 4361; x_wconf 80' lang='lat' dir='ltr'><strong>genere</strong></span> 
     </span>
     <span class='ocr_line' id='line_1_39' title="bbox 557 4373 2770 4469; baseline 0 -28"><span class='ocrx_word' id='word_1_326' title='bbox 557 4398 692 4445; x_wconf 89' lang='lat' dir='ltr'><strong>non</strong></span> <span class='ocrx_word' id='word_1_327' title='bbox 737 4384 940 4447; x_wconf 82' lang='lat' dir='ltr'><strong>minus</strong></span> <span class='ocrx_word' id='word_1_328' title='bbox 985 4385 1355 4469; x_wconf 84' lang='lat' dir='ltr'><strong>requiritur,</strong></span> <span class='ocrx_word' id='word_1_329' title='bbox 1401 4403 1585 4467; x_wconf 84' lang='lat' dir='ltr'><strong>quam</strong></span> <span class='ocrx_word' id='word_1_330' title='bbox 1630 4383 1697 4445; x_wconf 83' lang='lat' dir='ltr'><strong>in</strong></span> <span class='ocrx_word' id='word_1_331' title='bbox 1743 4379 1999 4445; x_wconf 85' lang='lat' dir='ltr'><strong>duobus</strong></span> <span class='ocrx_word' id='word_1_332' title='bbox 2039 4379 2478 4466; x_wconf 84' lang='lat' dir='ltr'><strong>superioribus</strong></span> <span class='ocrx_word' id='word_1_333' title='bbox 2524 4373 2629 4442; x_wconf 83' lang='grc' dir='ltr'><strong><em>ὅτι</em></strong></span> <span class='ocrx_word' id='word_1_334' title='bbox 2673 4379 2770 4461; x_wconf 74' lang='grc' dir='ltr'><strong><em>τῷ</em></strong></span> 
     </span>
     <span class='ocr_line' id='line_1_40' title="bbox 558 4478 2771 4570; baseline 0.001 -23"><span class='ocrx_word' id='word_1_335' title='bbox 558 4479 738 4567; x_wconf 73' lang='grc' dir='ltr'><strong><em>αὐτῷ</em></strong></span> <span class='ocrx_word' id='word_1_336' title='bbox 767 4480 945 4552; x_wconf 82' lang='grc' dir='ltr'><strong><em>ὄντι</em></strong></span> <span class='ocrx_word' id='word_1_337' title='bbox 974 4525 1051 4543; x_wconf 90' lang='lat'><em>-</em></span> <span class='ocrx_word' id='word_1_338' title='bbox 1080 4481 1372 4570; x_wconf 74' lang='grc' dir='ltr'><strong><em>ὑπάρχει,</em></strong></span> <span class='ocrx_word' id='word_1_339' title='bbox 1408 4479 1511 4549; x_wconf 86' lang='grc' dir='ltr'><strong><em>ὅτι</em></strong></span> <span class='ocrx_word' id='word_1_340' title='bbox 1550 4478 1733 4551; x_wconf 84' lang='grc' dir='ltr'><strong><em>ὄντι</em></strong></span> <span class='ocrx_word' id='word_1_341' title='bbox 1764 4485 1989 4568; x_wconf 72' lang='grc' dir='ltr'><strong><em>ἐκείνῳ</em></strong></span> <span class='ocrx_word' id='word_1_342' title='bbox 2015 4479 2307 4570; x_wconf 57' lang='grc' dir='ltr'><strong>ὑπάρχει.</strong></span> <span class='ocrx_word' id='word_1_343' title='bbox 2362 4481 2635 4566; x_wconf 81' lang='lat' dir='ltr'><strong>(Eadem</strong></span> <span class='ocrx_word' id='word_1_344' title='bbox 2672 4502 2771 4549; x_wconf 58' lang='lat' dir='ltr'><strong>ra-</strong></span> 
     </span>
    </p>
   </div>
  </div>
 </body>
</html>
