3109 5175
1165 402 1243 473 A
1299 398 1359 472 1.
1434 393 1663 473 9811».
2417 401 2511 478 43

432 575 602 641 9811»
638 576 682 641 5
728 572 827 651 ὡς
871 571 965 640 οὐ
1007 570 1350 641 κατὰ-τὸ
1396 612 1478 627 -
1526 578 1574 641 6
1614 575 2057 662 γνωρίζειν.
2146 567 2511 644 Difficultas

290 677 614 766 quaedam
662 680 726 743 in
770 679 893 742 hac
936 681 1213 743 cernitur
1256 682 1598 760 sententia,
1642 703 1806 766 quae
1850 691 2056 746 utrum
2102 681 2511 748 emendandis

288 782 518 847 verbis
563 804 645 847 an
686 780 1074 868 explicandis
1112 781 1399 848 tollenda
1444 786 1527 848 sit
1571 781 1828 850 dubium
1876 794 1990 850 est.
2056 786 2306 851 Etenim
2348 807 2512 872 quac

290 888 595 972 proxime
625 885 1012 952 antecedunt
1036 886 1231 951 verba
1261 888 1315 951 si
1345 890 1715 974 respexeris,
1762 893 2175 978 σοφωτέρους
2203 883 2402 965 ὄντας
2429 885 2511 953 ad

284 993 712 1075 χειροτέχνας
764 989 1168 1055 referendum
1223 991 1507 1077 putabis3
1569 1012 1605 1056 e
1650 1001 1952 1058 contextu
1995 1004 2203 1058 autern
2260 1001 2513 1058 senten-

292 1096 532 1158 tiarum
581 1114 713 1158 non
749 1099 1165 1180 χειροτέχνας
1208 1094 1324 1160 sed
1370 1092 1833 1182 ἀρχιτέκτονας
1871 1095 2326 1184 intelligendos
2372 1117 2510 1160 esse

297 1207 590 1282 apparet,
635 1201 743 1283 qui
787 1201 1209 1284 sapientiores
1246 1197 1552 1263 dicantur.
1626 1198 1753 1263 Iam
1787 1198 2034 1264 sublata
2065 1200 2358 1286 profecto
2392 1202 2512 1264 erit

293 1301 463 1364 haec
508 1299 865 1379 difficultas,
908 1304 963 1365 si
1007 1324 1145 1367 cum
1184 1301 1372 1367 codd.
1404 1300 1612 1367 Abm
1646 1302 1842 1367 verba
1878 1305 1959 1367 ⁶1
2010 1298 2161 1379 τούς
2194 1300 2254 1369 δ’
2293 1298 2510 1386 ὥσπερ

302 1442 389 1455 -
418 1405 467 1468 5
500 1402 585 1468 δι’
619 1405 784 1481 ἔθος
814 1407 1116 1485 omiseris,
1154 1427 1336 1492 quam
1370 1409 1682 1470 rationem
1712 1406 2160 1495 Schweglerus
2193 1409 2352 1472 iniit.
2418 1408 2512 1471 Ac

298 1528 461 1571 saue
490 1528 699 1594 neque
725 1507 1066 1574 Alexandri
1098 1511 1441 1575 auctoritas
1468 1511 1617 1575 huic
1641 1509 2069 1576 emendationi
2096 1509 2324 1588 obstat,
2356 1527 2511 1596 quo-

298 1614 473 1674 niam
516 1614 572 1675 is
616 1613 748 1675 τῶν
791 1607 1069 1699 ἀψύχων
1114 1612 1349 1678 nullam
1394 1613 1542 1678 facit
1586 1618 1998 1693 mentionem,
2045 1624 2116 1679 ut
2156 1612 2265 1679 illa
2311 1613 2509 1680 verba

298 1713 509 1778 videri
555 1717 760 1801 possit
798 1717 869 1779 in
914 1735 1033 1780 suo
1074 1725 1245 1782 textu
1277 1736 1410 1782 non
1441 1717 1753 1798 habuisse,
1795 1738 2005 1804 neque
2035 1717 2373 1805 quidquam
2404 1716 2511 1783 de-

299 1816 700 1895 sideraveris,
747 1821 800 1882 si
842 1817 951 1883 illa
998 1820 1194 1885 verba
1241 1824 1629 1887 omittantur.
1718 1822 2013 1888 Attamen
2059 1832 2123 1887 et
2163 1843 2370 1887 rerum
2417 1824 2511 1887 in-

302 1923 648 1985 animatum
696 1939 835 1986 cum
882 1923 1220 2009 opificibus
1264 1928 1658 2012 comparatio
1704 1929 1913 2012 aptior
1958 1936 2069 2004 est,
2116 1948 2299 2012 quam
2345 1945 2510 2012 quac

303 2044 378 2089 ex
424 2024 809 2112 glossemate
852 2030 992 2093 iure
1035 2028 1384 2115 repetenda
1447 2050 1586 2093 esse
1637 2028 1957 2107 videatur,
2012 2051 2223 2113 neque
2278 2029 2509 2094 verbo-

298 2149 439 2192 rum
473 2128 728 2194 illorum
758 2126 913 2207 τούς
941 2128 1005 2196 δ’
1036 2127 1251 2218 ὥσπερ
1281 2135 1414 2196 κτλ.
1452 2132 1878 2197 conformatio
1908 2135 2307 2222 grammatica
2339 2130 2506 2197 adeo

303 2244 401 2297 est
443 2231 824 2319 perturbata,
870 2233 934 2298 id
977 2234 1152 2321 qnod
1198 2235 1530 2301 contendit
1559 2234 2018 2324 Schweglerus,
2064 2245 2134 2301 ut
2167 2235 2319 2301 inde
2355 2257 2509 2301 con-

300 2334 523 2400 cludas
581 2359 653 2400 ea
715 2338 1061 2403 omittenda
1125 2359 1294 2415 esse,
1350 2338 1635 2426 pendent
1688 2343 1855 2405 enim
1898 2340 2093 2405 verba
2140 2336 2294 2417 τούς
2338 2337 2398 2404 δ’
2443 2351 2509 2406 ct

297 2439 546 2526 reliqua
592 2462 627 2504 a
674 2440 876 2505 verbo
931 2442 1314 2524 νομίζομενς
1374 2441 1647 2528 denique
1705 2442 1910 2508 codici
1953 2443 2043 2507 Ab
2076 2447 2143 2510 in
2190 2464 2508 2508 consensu

296 2542 691 2630 reliquorum
749 2565 955 2634 prope
1014 2549 1292 2611 omnium
1349 2556 1590 2612 tantum
1635 2547 1914 2613 tribuere
1960 2550 2351 2613 auctoritatis
2395 2546 2507 2613 du·

294 2646 628 2713 bitaverim
678 2649 796 2726 (cf.
841 2648 995 2714 Vol.
1041 2648 1088 2714 1.
1134 2650 1336 2736 praef.
1380 2674 1441 2737 p.
1478 2652 1670 2731 XV),
1728 2654 2092 2737 praesertim
2139 2674 2327 2736 quum
2372 2672 2507 2716 sae-

295 2754 442 2838 pius
488 2753 555 2814 in
599 2772 680 2815 eo
714 2750 894 2816 ⁴libro
940 2751 1186 2839 aliquot
1228 2755 1423 2819 verba
1470 2760 1700 2819 omissa
1748 2775 1889 2820 esse
1935 2775 2009 2819 ex
2054 2776 2186 2819 var.
2225 2754 2366 2819 lect.
2415 2755 2504 2818 sa·

296 2854 420 2919 cile
457 2864 900 2944 cog-noscatur.
933 2890 1016 2905 —·-
1063 2858 1282 2944 Itaque
1326 2858 1377 2922 si
1424 2870 1596 2924 esset
1637 2862 1999 2924 coniectura
2043 2879 2228 2945 opus,
2273 2879 2354 2923 eo
2389 2878 2505 2945 po-

294 2962 423 3023 tius
468 2958 836 3024 inclinarem
880 2973 955 3024 ut
999 2971 1145 3026 aute
1190 2960 1277 3039 ὥς
1320 2959 1400 3027 οὐ
1445 2962 1748 3028 excidisse
1802 2973 2085 3048 putarem
2133 2962 2505 3026 architecto-

290 3084 435 3126 rum
481 3065 882 3139 mentionem,
926 3057 1081 3140 τοὺς
1124 3064 1197 3131 δὲ
1238 3062 1700 3149 ἀρχιτέκτονας
1740 3060 1911 3131 κατὰ
1954 3061 2158 3149 λόγον
2190 3064 2293 3129 vel
2333 3058 2505 3128 atara}

291 3168 531 3249 τέχνην
576 3164 698 3247 (cf.
745 3166 955 3231 Schw.
1000 3167 1081 3232 ad
1126 3168 1188 3234 h.
1234 3168 1337 3252 l.),
1383 3169 1496 3234 sed
1540 3168 1802 3234 videtur
1844 3172 2154 3254 acquiesci
2199 3189 2393 3255 posse
2435 3170 2502 3231 in

292 3280 473 3334 textu
530 3268 815 3356 vulgato.
905 3270 1269 3338 Subiectum
1331 3276 1495 3338 enim
1555 3275 1873 3338 enunciati
1930 3270 2016 3348 ὠς
2068 3269 2148 3337 οὐ
2190 3274 2323 3336 κτλ.
2369 3288 2502 3336 non

292 3371 718 3459 repetendum
765 3383 864 3438 est
910 3396 946 3438 e
993 3376 1425 3462 superioribus
1471 3376 1715 3456 verbis,
1772 3376 1886 3442 sed
1929 3374 2353 3463 supplendum
2399 3396 2504 3439 co-

290 3478 611 3565 gitatione
655 3496 1011 3563 pronomen
1055 3479 1456 3546 indefinitum
1502 3501 1716 3558 τινας,
1773 3502 1934 3566 quae
1981 3478 2222 3565 ellipsis
2269 3488 2338 3543 ut
2381 3479 2504 3542 fre-

295 3600 501 3666 quens
546 3592 647 3645 est
689 3592 755 3646 et
796 3580 993 3648 finitis
1038 3589 1104 3648 in
1149 3583 1356 3650 modis
1404 3593 1470 3648 et
1512 3583 1980 3660 in'infinitivo,
2025 3585 2122 3645 ‘ita
2181 3602 2389 3666 neque
2433 3585 2502 3646 in

290 3686 631 3771 participio
663 3684 914 3751 videtur
942 3685 1278 3751 offendere
1305 3708 1519 3774 posse,
1567 3707 1934 3773 quamquam
1967 3683 2295 3750 consimile
2328 3684 2501 3771 quod

294 3787 558 3853 afferam
608 3788 956 3876 exemplum
1000 3806 1136 3855 non
1183 3791 1407 3856 habeo.
1482 3792 1629 3856 Hoc
1667 3793 1867 3879 igitur
1904 3786 2284 3855 Aristoteles
2329 3789 2503 3855 vide-

294 3890 470 3956 bitur
512 3890 755 3957 dicere:
797 3892 872 3959 ln
916 3894 1109 3960 rebus
1152 3897 1444 3959 inanimis
1490 3916 1526 3958 a
1566 3894 1836 3961 naturali
1873 3892 2149 3980 quodam
2185 3895 2503 3987 instinctu,

295 4000 361 4060 iu
409 3996 751 4082 opificibus
796 4019 831 4062 a
880 3999 1344 4065 consuetudine
1386 4016 1637 4064 causam
1669 4001 2011 4085 repetimus
2043 3997 2305 4086 agendi3
2351 4016 2505 4064 neu-

297 4100 377 4163 tri
421 4103 645 4187 generi
692 4113 1032 4189 propterea
1080 4104 1455 4189 sapientiam
1510 4102 1956 4179 adscribimus,
2011 4105 2306 4187 quoniam
2368 4106 2502 4167 eius

298 4206 393 4267 vis
439 4222 572 4268 non
616 4207 682 4268 in
726 4206 961 4294 agendi
1004 4204 1326 4284 facilitate,
1368 4203 1483 4272 sed
1519 4208 1586 4270 in
1617 4204 2090 4296 cognoscendis
2119 4226 2328 4272 rerum
2361 4226 2505 4272 cau·

297 4309 381 4372 sis
412 4310 713 4373 cernitur.
784 4310 1005 4391 [Fort.
1052 4309 1451 4375 scribendum
1500 4319 1600 4374 est
1642 4301 1734 4376 ὧν
1779 4307 1860 4376 οὐ
1901 4303 2072 4375 κατὰ
2115 4305 2192 4373 τὸ
2232 4330 2503 4393 πρακτι-

298 4405 451 4487 κοὺς
494 4409 662 4477 εἶναι
705 4417 1123 4502 σοφωτέρους
1165 4411 1329 4478 εἶναι
1373 4408 1525 4490 τοὺς
1561 4417 1976 4502 σοφωτέρους
2014 4408 2227 4489 ὄντας.
2285 4412 2468 4495 Hk]

424 4516 591 4581 981⁵
629 4516 673 4581 ’1
718 4526 1066 4600 σημεῖον
1109 4536 1302 4582 sensu
1347 4516 1595 4607 logico,
1652 4538 1837 4603 quem
1894 4529 2067 4583 recte
2111 4517 2238 4582 huc
2277 4518 2503 4593 trahas,

298 4617 646 4706 explicatur
674 4618 854 4685 Anal.
886 4644 979 4708 pr.
1012 4622 1072 4686 11
1100 4623 1207 4688 27.
1240 4622 1362 4687 700
1397 4623 1433 4687 7
1466 4642 1601 4706 sqq.
1667 4618 1966 4687 Trendel.
2008 4619 2107 4686 El.
2147 4619 2282 4707 log.
2313 4618 2370 4705 §.
2395 4620 2500 4684 37.
