3109 5175
535 354 634 430 60
1378 353 1456 426 Α
1504 352 1574 427 3.
1649 350 1877 428 983a.

537 530 622 598 de
663 532 785 598 hac
827 551 1152 595 causarum
1196 528 1607 594 distinctione
1642 538 1710 594 et
1743 526 2069 615 quomodo
2105 536 2379 613 quatuor
2408 525 2570 590 haec
2595 547 2742 591 eau-

537 655 742 702 sarum
787 654 1025 720 genera
1058 632 1139 697 ad
1180 636 1298 698 tria
1329 641 1725 697 revocentur
1752 631 2233 717 disputaverunt
2260 632 2474 694 Ritter
2503 629 2739 695 Gesch.

538 736 601 802 d.
648 736 807 801 Phil.
853 737 944 801 111
995 758 1057 821 p.
1103 737 1227 801 159
1272 758 1406 822 sqq.
1484 735 1700 801 Zeller
1744 734 1901 799 Phil.
1945 734 2009 799 ’d.
2055 733 2170 800 Gr.
2213 734 2275 798 11
2317 756 2379 819 p.
2426 736 2558 799 409
2602 754 2738 818 sqq.

474 821 487 832 “
535 841 766 905 Waitz
808 839 889 906 ad
920 842 1039 905 An.
1076 851 1243 925 post.
1287 840 1348 904 11
1387 841 1491 904 11.
1536 841 1660 903 94a
1693 840 1800 903 20.
1869 837 2358 903 Forchhammer
2389 834 2739 901 versandi.

538 942 654 1008 der
696 945 988 1008 sechsten
1019 943 1205 1008 vers.
1239 941 1576 1008 deutscher
1605 939 2011 1029 Philologen.
2063 943 2250 1006 1844.
2295 965 2360 1027 p.
2391 940 2694 1005 84-89.

673 1048 766 1110 Ae
809 1049 1074 1132 primum
1118 1043 1371 1131 quidem
1416 1045 1826 1110 substantiam
1885 1055 1951 1108 et
1993 1047 2322 1108 notionem
2367 1042 2742 1108 substantia-

537 1149 663 1214 lem
709 1149 830 1228 (οἱ.
879 1149 961 1214 ad
1007 1150 1067 1213 Z
1092 1151 1134 1213 4
1179 1154 1355 1235 sqq.)
1402 1151 1854 1235 principiorum
1898 1151 1968 1212 in
2013 1168 2275 1212 numero
2322 1168 2464 1212 esse
2508 1145 2745 1211 haben-

542 1252 684 1318 dam
741 1252 893 1318 inde
950 1262 1243 1339 apparet:
1300 1247 1618 1334 ἀνάγεται
1671 1242 1801 1335 γάρ
1855 1243 1934 1313 τὸ
1980 1243 2091 1315 διά
2136 1252 2200 1314 τί
2243 1254 2333 1327 εἰς
2377 1244 2495 1315 τὸν
2537 1244 2744 1332 λόγον

540 1357 818 1442 ἔσχατον
845 1356 999 1433 ⁶28,
1041 1356 1100 1420 h.
1133 1377 1186 1419 e.
1231 1358 1287 1419 si
1323 1358 1461 1441 quis
1502 1355 1898 1440 quaesiverit,
1941 1375 2054 1417 cur
2088 1351 2327 1439 aliquid
2364 1354 2490 1417 hoc
2521 1356 2604 1417 sit
2637 1351 2745 1418 vel

540 1457 718 1536 inud,
762 1481 951 1545 quum
987 1457 1179 1522 multa
1214 1461 1466 1546 possint
1493 1456 1888 1544 responderi,
1923 1467 2249 1541 postremo
2281 1467 2510 1534 tamen,
2550 1458 2746 1540 ἔσχα-

540 1585 685 1641 τον,
731 1560 1056 1627 afferenda
1102 1571 1202 1626 est
1247 1584 1318 1626 ea
1366 1564 1582 1639 notio,
1628 1582 1790 1646 quae
1834 1563 2033 1646 ipsam
2076 1563 2171 1624 rei
2215 1571 2500 1625 naturam
2546 1562 2745 1646 expri-

540 1676 671 1732 mat
713 1664 1094 1745 (vernacule
1134 1667 1594 1751 interpreteris:
1639 1655 1810 1728 deun
1838 1664 1963 1732 dae
1995 1664 2274 1728 Warum
2301 1665 2473 1729 wis-d
2511 1665 2744 1729 zulelzt

542 1768 678 1854 uus
700 1769 824 1833 den
855 1768 1145 1858 Begreff
1162 1770 1280 1833 der·
1309 1767 1526 1833 Sache
1568 1767 2133 1853 zuriiclcgesiilirt).
2201 1768 2506 1832 Nimirum
2550 1769 2745 1852 ἔσχα-

541 1893 662 1938 τον
690 1893 828 1937 cum
861 1870 1222 1937 Alexandro
1253 1869 1657 1937 referendum
1688 1892 1827 1936 esse
1857 1869 1940 1934 ad
1966 1872 2232 1935 verbum
2262 1866 2594 1955 ἀνάγεται,
2623 1892 2748 1934 nee

544 1997 685 2040 cum
729 1973 1294 2064 Hengstenbergio
1340 1973 1424 2039 ad
1467 1968 1586 2040 τὸν
1628 1969 1848 2059 λόγον,
1899 1974 2311 2040 confirmatur
2356 1972 2501 2038 coll.
2547 1973 2745 2058 Phys.

544 2079 605 2144 11
638 2082 695 2145 7.
734 2080 896 2144 198⁶
925 2082 1032 2144 16:
1079 2084 1168 2156 sic
1211 2073 1288 2144 τὰ
1333 2079 1409 2143 τί
1453 2081 1678 2144 ἐστιν
1722 2073 2041 2160 ἀνάγεται
2081 2072 2160 2143 τὸ
2206 2071 2321 2143 διά
2360 2080 2426 2142 τί
2467 2079 2747 2161 ἔσχατον

544 2185 616 2247 ἐν
659 2190 799 2258 τοῖς
841 2178 1199 2262 ἀκινήτοις,
1259 2177 1404 2247 οἷον
1460 2184 1530 2248 ἐν
1588 2189 1729 2258 τοῖς
1769 2175 2210 2265 μαθήμασιν·
2267 2185 2355 2257 εὶς
2399 2174 2747 2265 ὁρισμὸν

544 2278 674 2371 γάρ
718 2285 838 2350 τοῦ
882 2281 1118 2360 εὐθέος
1160 2278 1205 2364 ἢ
1244 2288 1615 2370 συμμέτρου
1646 2278 1690 2363 ἢ
1719 2278 1925 2349 ἄλλον
1952 2278 2130 2358 τινὰς
2158 2277 2475 2367 ἀνάγεται
2510 2283 2748 2369 ἔσχα-

545 2407 708 2452 τον.
776 2387 906 2450 lam
949 2406 1105 2451 vero
1142 2408 1269 2473 quo
1305 2391 1372 2452 in
1408 2385 1853 2474 investigando
1892 2399 2218 2474 postremo
2252 2385 2639 2465 devenimus,
2681 2384 2748 2450 id

546 2501 771 2576 suapte
814 2499 1041 2554 natura
1085 2493 1349 2576 primum
1394 2500 1521 2569 est,
1578 2490 1754 2555 Alex.
1800 2516 1866 2578 p.
1904 2492 2004 2571 18,
2047 2491 2120 2568 2,
2167 2500 2356 2575 atque
2400 2490 2553 2567 hoc,
2597 2508 2749 2576 pro-

546 2605 692 2681 pter
735 2593 911 2681 quod
954 2604 1267 2681 tamquam
1321 2598 1589 2680 primum
1634 2590 1786 2675 (διά
1829 2597 1895 2660 τί
1938 2596 2238 2681 πρῶτον)
2283 2592 2604 2679 quaelibet
2647 2616 2748 2658 res

550 2720 627 2762 ea
674 2709 801 2777 est,
857 2719 1020 2784 quae
1068 2709 1190 2776 est,
1242 2699 1369 2763 hoe
1423 2718 1580 2763 vero
1625 2721 1745 2785 pro
1793 2721 1978 2764 causa
2026 2720 2100 2762 ae
2142 2700 2458 2784 principio
2504 2708 2600 2762 est
2641 2698 2751 2763 ha·

549 2800 846 2867 bendum.
936 2801 1368 2866 Referendum
1428 2823 1568 2866 esse
1621 2804 1880 2883 πρῶτον
1925 2802 2007 2867 ad
2051 2804 2117 2867 τί
2159 2821 2364 2887 neque
2410 2799 2493 2866 ad
2538 2804 2751 2866 αἴτιον

549 2906 662 2971 καὶ
718 2897 920 2990 ἀρχή,
975 2914 1050 2969 ut
1104 2908 1187 2970 sit
1244 2915 1553 2991 «propter
1606 2891 1756 2990 quid
1803 2916 2114 2992 tamquam
2157 2906 2422 2991 primum
2438 2929 2495 2982 ,υ
2565 2905 2752 2969 sicuti

549 3006 770 3095 paullo
802 3008 965 3071 inira
994 3007 1227 3096 legitur
1257 3006 1325 3087 ἐξ
1355 2999 1435 3073 οὗ
1462 3003 1722 3090 πρώτου
1754 3011 1854 3086 118,
1884 3008 1965 3072 cf.
1995 3008 2050 3072 A
2077 3009 2141 3072 3.
2179 3009 2383 3072 loma
2407 3009 2512 3087 26,
2556 3029 2631 3071 ex
2668 3028 2748 3072 eo

551 3114 990 3199 cognoscitur,
1049 3109 1220 3196 quod
1267 3114 1563 3198 principii
1605 3120 1830 3175 natura
1876 3112 2231 3176 coniunctis
2275 3109 2602 3175 vocabulis
2648 3107 2754 3174 αἴ-

551 3238 694 3280 τιον
736 3216 849 3279 καὶ
893 3209 1064 3300 ἀρχή
1112 3217 1263 3279 satis
1310 3225 1409 3279 est
1452 3214 1731 3291 definita,
1775 3212 1856 3279 ad
1902 3207 2014 3277 διά
2052 3214 2115 3278 τί
2153 3223 2377 3293 autem,
2421 3216 2754 3299 superiora

552 3323 770 3396 secuti,
799 3322 1173 3405 requirimus
1202 3316 1387 3383 adiici
1419 3316 1755 3404 quidpiam,
1801 3317 1972 3382 unde
2003 3337 2133 3382 non
2169 3320 2512 3404 proximam
2543 3338 2754 3402 quam-

554 3444 678 3508 que
723 3443 950 3486 causae
997 3421 1474 3487 denotationem
1521 3419 1646 3485 dici
1692 3431 2010 3507 appareat,
2054 3419 2168 3486 sed
2211 3443 2345 3486 eam
2382 3443 2544 3507 quae
2579 3424 2754 3485 inve·

554 3527 806 3613 stiganti
838 3523 1072 3605 ultima,
1116 3528 1311 3611 prima
1360 3529 1441 3591 sit
1470 3548 1585 3590 sua
1615 3528 1809 3611 ipsius
1840 3535 2079 3601 natura,
2125 3524 2203 3589 cf.
2236 3528 2354 3590 An.
2386 3535 2555 3612 post.
2585 3525 2615 3588 1
2645 3525 2753 3589 24.

550 3631 670 3694 85⁶
706 3630 819 3694 32:
877 3629 989 3693 καὶ
1047 3625 1252 3706 οὕτως
1296 3624 1502 3706 ἰόντες
1547 3623 1713 3693 ὅταν
1754 3632 1983 3712 μηκέτι
2027 3624 2109 3692 δι’
2148 3622 2310 3693 ἀλλο
2356 3624 2507 3711 μηδ’
2550 3621 2757 3692 ἄλλον

555 3736 767 3809 ἕνεκα,
828 3725 938 3795 διά
994 3734 1188 3797 τοῦτο
1246 3730 1333 3808 ὡς
1374 3734 1557 3807 τέλος
1602 3734 1823 3820 φαμὲν
1866 3732 2094 3797 ἐλθεῖν
2134 3733 2248 3796 καὶ
2292 3726 2457 3795 εἶναι
2499 3732 2610 3795 καὶ
2653 3732 2756 3813 γε’-

551 3836 818 3912 νεσθαι,
861 3834 974 3898 καὶ
1015 3828 1162 3899 τότε
1209 3835 1448 3899 εἰδέναι
1488 3829 1780 3918 μάλιστα
1825 3827 1935 3898 διὰ
1968 3836 2032 3899 τί
2072 3823 2302 3913 ἦλθεν.
2335 3872 2422 3883 ——
2469 3834 2755 3899 Alterum

557 3957 782 4001 causae
837 3958 1041 4023 genus
1101 3959 1287 4023 quum
1348 3958 1489 4001 esse
1539 3937 1695 4002 dicit
1735 3930 1859 4018 τὴν
1901 3932 2065 4016 ὕλην
2119 3939 2231 4003 καὶ
2289 3933 2362 4001 τὸ
2406 3932 2757 4021 ,ὑποκείμε-

555 4061 675 4106 νον
715 4039 869 4117 «129,
913 4042 1096 4104 notio
1140 4043 1256 4105 τοῦ
1296 4037 1737 4125 ὑποκειμένου,
1786 4062 1948 4127 quae
1990 4040 2176 4106 latius
2222 4051 2415 4128 patet,
2459 4041 2538 4105 cf.
2581 4042 2668 4105 H
2695 4043 2755 4106 4.

558 4143 767 4208 104412
806 4145 848 4207 9
904 4153 970 4207 et
1021 4141 1101 4207 ad
1145 4145 1218 4207 A
1261 4145 1322 4208 2.
1368 4146 1535 4209 9821:
1572 4147 1692 4224 23,
1751 4144 2051 4210 definitur
2105 4146 2398 4231 apposita
2456 4147 2758 4209 materiae

557 4248 846 4311 notione.
924 4247 1148 4310 Tertio
1196 4244 1428 4311 deinde
1473 4253 1712 4336 generi,
1757 4249 1930 4334 quod
1977 4253 2253 4314 cernitur
2294 4251 2361 4313 in
2407 4270 2594 4314 causa
2627 4270 2760 4313 mo·

558 4353 730 4428 trice,
775 4363 1060 4436 quartum
1106 4343 1183 4415 τὸ
1230 4339 1307 4414 οὗ
1351 4356 1536 4415 ἕνεκα
1583 4357 1951 4440 oppositum
1998 4374 2138 4419 esse
2185 4351 2366 4431 dicit,
2411 4346 2531 4432 τὴν
2576 4350 2760 4417 ἀντι-

557 4457 855 4538 κειμένην
898 4449 1098 4545 ταύτῃ
1136 4456 1288 4535 «131,
1335 4459 1630 4542 quoniam
1677 4469 1745 4523 ut
1792 4457 1993 4523 altera
2037 4455 2119 4522 ad
2154 4459 2464 4545 originem
2503 4458 2764 4543 respicit
