3109 5175
1144 405 1250 476 M
1291 399 1359 473 6.
1444 398 1713 474 10800.
2386 397 2524 473 541

325 580 728 670 sophandum
774 600 906 646 non
952 580 1307 667 aptissimis,
1352 581 1419 644 in
1463 582 1599 667 ipsa
1644 578 1975 645 doctrinae
2012 579 2399 644 obscuritate
2437 597 2531 642 ar-

326 705 550 752 canum
596 686 816 751 nescio
861 684 1015 772 quid
1060 706 1137 750 ac
1180 683 1461 752 divinum
1506 684 1993 773 augurabantur.
2063 681 2229 750 Cum
2258 680 2531 748 Platone

328 800 536 857 autem
581 793 646 855 in
693 788 1061 855 definienda
1106 790 1331 854 horum
1376 809 1781 854 numerorum
1826 798 2050 854 natura
2095 809 2229 853 non
2267 808 2531 873 prorsus

325 892 839 961 consentiebant:
905 892 1092 958 Plato
1152 912 1451 958 numeros
1509 891 1751 960 ideales
1808 896 1945 958 sive
2000 891 2532 960 inconsociabiles

325 998 694 1065 distinxerat
739 1018 773 1060 a
819 997 1271 1063 mathematicis
1319 1000 1625 1072 numeris3
1683 997 1762 1061 ab
1820 998 1939 1061 hac
1992 999 2243 1062 ratione
2290 995 2531 1062 Acade-

319 1105 464 1167 mici
508 1113 760 1167 veteres
817 1103 884 1165 in
942 1112 1270 1189 utramque
1326 1110 1569 1188 partem
1617 1099 2070 1180 discesserunt,
2126 1100 2379 1166 sublato
2423 1099 2532 1168 vel

319 1204 514 1271 ideali
560 1205 666 1269 vel
712 1204 1155 1273 mathematico
1199 1227 1468 1272 numero
1515 1203 1620 1270 vel
1659 1207 1986 1290 utriusque
2024 1207 2281 1292 generis
2319 1203 2531 1269 discri-

323 1311 510 1387 mine,
555 1309 635 1372 cf.
677 1308 759 1375 ad
802 1310 1003 1377 1080»
1038 1313 1141 1376 14.
1181 1313 1286 1376 21.
1377 1310 1633 1376 Semina
1682 1329 1836 1373 sane
1880 1308 2107 1374 horum
2150 1307 2530 1395 placitorum

326 1416 605 1477 omnium
640 1416 706 1478 in
742 1415 882 1499 ipsa
921 1417 1333 1480 continentur
1359 1413 1647 1480 Platonis
1680 1412 2002 1489 doctrina3
2049 1415 2184 1477 eius
2219 1416 2385 1478 enim
2417 1435 2532 1478 nu-

321 1520 480 1582 meri
525 1515 768 1582 ideales
813 1520 900 1582 ita
943 1522 1011 1584 in
1054 1517 1266 1583 medio
1311 1529 1460 1584 sunt
1503 1520 1699 1604 positi
1744 1520 1912 1580 inter
1956 1514 2384 1602 qualitativam
2442 1516 2532 1583 di-

323 1624 626 1710 gnitatem
674 1620 956 1692 idearum
999 1633 1070 1688 et
1112 1624 1589 1709 quantitativatn
1620 1619 2202 1685 mathematicorum
2235 1641 2532 1687 numero-

319 1747 475 1805 rum,
523 1735 593 1790 nt
637 1729 858 1792 mirum
904 1747 1039 1792 non
1083 1729 1167 1792 sit
1214 1747 1343 1805 eos,
1388 1726 1496 1812 qui
1539 1726 1607 1788 in
1652 1726 1730 1790 iis
1777 1721 2077 1790 eruendis
2109 1744 2368 1811 operam
2401 1724 2533 1792 col÷

325 1829 646 1909 locarent,
705 1829 1039 1900 deflexisse
1082 1853 1119 1896 a
1163 1817 1368 1896 inedia
1412 1828 1523 1895 illa
1569 1837 1823 1906 natura,
1878 1849 2046 1914 quae
2096 1849 2221 1893 nec
2263 1833 2530 1919 cogitari

323 1955 446 1999 nec
503 1933 958 2022 comprehendi
1017 1933 1153 2000 ullo
1211 1932 1408 1999 modo
1467 1942 1712 2020 potest,
1773 1940 1839 1998 et
1894 1928 1977 1996 ad
2021 1929 2285 1997 alteram
2326 1923 2531 1999 *utram

322 2047 565 2126 partem
611 2059 683 2103 se
729 2041 1142 2104 convertisse.

454 2143 640 2207 Hanc
679 2145 877 2230 igitur
919 2140 1001 2209 de
1045 2143 1322 2208 numeris
1367 2139 1736 2218 doctrinam,
1781 2140 2029 2226 qualem
2060 2140 2534 2230 significaverat

324 2245 527 2327 Plato,
575 2245 1046 2334 descripserant
1087 2245 1382 2312 subtilius
1428 2249 1567 2311 eius
1612 2243 1923 2331 discipuli,
1968 2247 2235 2332 propius
2283 2245 2365 2311 ad
2407 2248 2532 2332 Py-

322 2351 671 2439 thagoreos
705 2351 1101 2430 accedentes,
1146 2359 1217 2415 ut
1253 2348 1447 2437 plene
1482 2349 1778 2415 videatur
1813 2351 2115 2414 evertisse
2148 2348 2531 2416 Aristoteles

320 2457 588 2541 primum
636 2457 921 2542 exponit,
969 2465 1129 2543 quot
1171 2457 1499 2543 possint
1545 2457 1809 2522 omnino
1856 2454 2205 2542 excogitari
2248 2458 2532 2520 rationes

319 2562 491 2625 inter
520 2580 591 2625 se
622 2559 911 2627 diversae
947 2564 1000 2626 si
1037 2563 1179 2649 quis
1217 2580 1515 2627 numeros
1551 2581 1674 2647 pro
1710 2557 2079 2625 substantiis
2110 2569 2175 2625 et
2204 2557 2532 2646 principiis

320 2667 637 2751 posuerit,
684 2664 895 2731 loso-
927 2667 1238 2743 les—⁶5,
1288 2663 1526 2730 deinde
1570 2685 1732 2751 quae
1777 2663 2135 2750 quibusque
2178 2662 2534 2751 placuerint

320 2766 724 2855 philosophis
772 2779 1039 2848 enarrat,
1094 2769 1298 2834 loeob
1328 2769 1599 2846 6—-36,
1645 2775 1837 2853 atque
1881 2771 1969 2831 ita
2016 2765 2264 2833 demum
2309 2769 2413 2831 via
2456 2787 2534 2831 ac

319 2874 573 2937 ratione
614 2872 1100 2961 argumentandi
1144 2876 1295 2939 satis
1339 2873 1581 2938 munita
1627 2870 1878 2960 singula
1915 2870 2217 2959 deinceps
2252 2871 2531 2938 refutare

320 2977 609 3056 instituit,
656 2998 708 3041 c.
743 2979 781 3043 7
821 2999 955 3066 sqq.

451 3082 534 3163 a)
583 3082 794 3149 1⁰80·
835 3085 1138 3150 15-65.
1230 3081 1477 3149 Omnes
1527 3090 1602 3147 ut
1645 3084 1927 3147 inveniat
1969 3082 2156 3147 buius
2201 3080 2531 3147 doctrinae

318 3189 674 3267 varietates,
721 3198 1044 3275 quotquot
1085 3187 1192 3252 vel
1239 3186 1464 3275 effingi
1510 3195 1801 3272 possunt,
1848 3185 2103 3274 duplice
2151 3189 2348 3252 utitur
2388 3204 2530 3272 par-

319 3292 581 3369 titione,
621 3293 991 3371 ala—37,
1032 3292 1391 3369 ⁸37—b3,
1436 3308 1594 3377 quas
1641 3290 1879 3357 deinde
1922 3294 2090 3357 inter
2145 3312 2217 3356 se
2268 3293 2532 3355 coniun-

317 3397 428 3482 git,
467 3396 571 3459 ⁶4.
663 3394 732 3459 Si
778 3398 934 3481 quis,
981 3398 1083 3473 ait,
1127 3412 1457 3460 numerum
1502 3397 1723 3460 statuit
1766 3416 1909 3460 esse
1954 3395 2365 3460 substantiam
2414 3413 2532 3480 per

319 3519 391 3563 se
438 3501 840 3563 exsistentem
887 3488 1012 3578 (οὗ
1038 3496 1082 3579 ἡ
1119 3493 1316 3565 οὐσία
1347 3536 1437 3548 -
1470 3494 1651 3563 τοῦτ’
1683 3492 1850 3564 αὐτό
1890 3500 2045 3578 «16,
2088 3502 2129 3563 i.
2165 3519 2219 3562 e.
2265 3490 2344 3561 τὸ
2385 3492 2531 3581 ἀρι-

318 3604 483 3688 θμῷ
528 3597 696 3668 εἶναι
705 3606 750 3684 ),
797 3612 1062 3689 oportet
1103 3595 1252 3683 ἤτοι
1296 3595 1474 3666 εἶναι
1511 3594 1590 3667 τὸ
1633 3602 1756 3686 μὲν
1799 3597 2061 3688 πρῶτόν
2103 3624 2167 3666 τι
2205 3596 2413 3665 αὐτοῦ
2448 3592 2531 3664 τὸ

318 3704 379 3772 δ’
418 3703 746 3793 ἐχόμενον,
792 3712 1013 3793 ἕτερον
1057 3698 1138 3772 ὃν
1180 3706 1273 3789 τῷ
1318 3702 1472 3770 εἴδει
1511 3709 1794 3771 ἕκαστον
1832 3708 1988 3775 α,17.
2078 3705 2389 3770 Exti-emis
2433 3702 2530 3766 his

316 3809 532 3877 verbis
565 3810 902 3878 manifesto
934 3812 1041 3876 Ar.
1088 3809 1407 3899 significat
1450 3808 1771 3894 qualitatis
1817 3808 2246 3876 diversitatem
2292 3828 2433 3874 esse
2461 3810 2530 3873 in

316 3913 417 3980 bis
461 3919 769 3991 numeris;
826 3915 909 3982 ad
954 3912 1220 3980 eandem
1266 3912 1751 4001 significandam
1793 3918 2094 4002 proximis
2136 3915 2348 3982 statim
2393 3928 2530 3976 ver-

315 4017 414 4083 bis
458 4023 600 4106 ipso
648 4022 844 4085 utitur
887 4016 1225 4084 Platonico
1269 4017 1594 4083 vocabulo
1642 4013 2066 4104 άσύμβλητος
2105 4022 2260 4085 α19.
2332 4018 2529 4084 Nimi-

315 4142 451 4189 rum
497 4144 686 4211 quum
733 4126 1013 4189 numeris
1059 4121 1394 4188 abstractis
1433 4118 1613 4202 illud,
1656 4132 1731 4187 ut
1772 4125 1900 4189 sint
1944 4123 2332 4209 συμβλητοί,
2376 4119 2528 4187 inde

318 4227 580 4307 accidat,
625 4228 802 4316 quod
847 4227 1089 4294 nullum
1133 4231 1201 4293 in
1243 4229 1322 4292 iis
1354 4238 1452 4292 est
1479 4224 1798 4314 qualitatis
1830 4227 2167 4296 discrimen
2196 4225 2311 4293 sed
2341 4228 2529 4291 unice

318 4335 636 4420 quantitas
683 4334 950 4412 diversa,
996 4331 1077 4398 ad
1124 4331 1292 4398 idem
1334 4352 1598 4419 prorsus
1642 4330 1813 4401 redit
1847 4343 2058 4399 utrum
2095 4349 2398 4398 numeros
2436 4327 2529 4394 di-

314 4440 483 4503 xeris
539 4433 1002 4523 ἀσυμβλήτους
1058 4458 1199 4503 esse
1254 4454 1337 4501 an
1396 4435 1703 4524 qualitate
1757 4440 1925 4502 inter
1967 4458 2039 4502 se
2084 4434 2363 4502 differre.
2452 4432 2527 4498 In

317 4540 586 4609 eandem
630 4553 837 4611 autem
883 4544 1263 4613 sententiam
1306 4541 1680 4629 accipienda
1724 4552 1877 4607 sunt
1919 4560 1993 4607 ea
2036 4539 2250 4620 verba,
2295 4536 2526 4624 quibus
