3109 5175
557 358 648 441 12

549 552 831 632 guantur
871 561 948 607 ea
994 542 1078 608 de
1122 563 1190 609 re
1236 539 1624 621 sententiae,
1681 543 1991 630 siquidem
2046 542 2152 609 vel
2209 542 2456 612 formae
2509 545 2647 629 (τῷ
2688 548 2754 611 τὲ

546 638 630 726 ἦν
683 644 892 727 εἶναι)
947 646 1055 712 vel
1118 651 1372 713 notioni
1438 648 1782 716 universali
1843 648 1949 714 vel
2008 651 2233 738 generi
2287 648 2395 713 vel
2451 651 2754 715 materiae

544 749 858 816 tribuatur
900 749 1293 818 substantiae
1348 750 1655 839 dignitas,
1711 757 2014 818 materiae
2056 752 2433 822 infinitatem
2479 752 2752 818 alienam

548 873 687 918 esse
730 876 767 918 a
812 852 1078 919 definita
1121 856 1511 920 substantiae
1562 865 1785 921 natura
1831 877 2098 942 eamque
2137 859 2529 943 potissimum
2575 860 2748 922 cerni

544 960 612 1022 in
669 957 873 1022 forma
925 957 1032 1024 vel
1085 962 1354 1024 notione
1410 958 1838 1040 substantiali,
1893 962 1987 1043 τῷ
2041 962 2108 1025 τί
2158 951 2243 1040 ἦν
2283 957 2478 1037 εἶναι,
2533 959 2745 1030 docet.

544 1062 755 1147 Atque
810 1062 975 1126 hanc
1029 1061 1293 1126 formam
1351 1063 1857 1142 substantialem,
1912 1082 2048 1128 non
2093 1074 2268 1129 extra
2311 1085 2413 1128 res
2453 1068 2748 1151 positam,

472 1227 485 1236 ,
541 1164 1009 1230 Platonicorum
1056 1163 1339 1231 idearum
1384 1166 1466 1230 ad
1510 1165 1785 1245 modum,
1831 1166 1944 1231 sed
1989 1171 2146 1253 ipsis
2189 1166 2380 1231 rebus
2422 1167 2756 1248 inclusam,

542 1255 753 1354 neque
796 1287 1188 1336 communem
1234 1267 1448 1335 multis
1492 1269 1700 1348 rebus,
1745 1291 1908 1355 quae
1955 1280 2052 1334 est
2093 1272 2378 1336 notionis
2422 1276 2748 1337 nniversa-

542 1371 620 1435 lis
664 1376 850 1450 ratio,
895 1371 1008 1438 sed
1053 1371 1320 1461 singulis
1365 1373 1553 1437 rebus
1599 1375 1951 1459 propriam,
1996 1372 2374 1459 descriptam
2419 1374 2590 1440 illam
2638 1376 2745 1446 de-

539 1475 838 1541 finitione
866 1479 1169 1555 notionis,
1212 1476 1292 1541 ab
1340 1478 1512 1541 omni
1557 1479 1858 1541 materiae
1895 1480 2293 1563 partiumque
2331 1479 2744 1546 materialium

543 1577 921 1644 admistione
977 1583 1321 1669 integram,
1365 1615 1449 1628 —
1509 1580 1674 1644 hanc
1716 1583 1911 1668 igitur
1951 1581 2218 1646 formam
2264 1581 2744 1652 substantialem

542 1693 859 1748 aeternam
897 1705 1039 1749 esse
1074 1695 1140 1748 et
1168 1705 1354 1750 unam
1390 1705 1466 1748 ac
1499 1683 1845 1769 simplicem
1882 1694 2183 1763 naturam,
2228 1684 2496 1754 diversis
2530 1709 2568 1753 e
2601 1709 2746 1775 par·

540 1788 713 1851 tibus
771 1808 903 1851 rem
962 1807 1300 1874 aggressus
1359 1797 1425 1852 et
1469 1787 1547 1851 ad
1593 1786 1760 1854 idem
1808 1790 2017 1854 omnia
2062 1789 2381 1870 referens,
2436 1811 2555 1878 per
2596 1791 2744 1857 reli-

541 1907 730 1976 quum
776 1893 1141 1956 universum
1188 1891 1416 1955 librum
1451 1892 1513 1955 Z
1551 1894 1832 1977 exponit.
1898 1889 2289 1979 Complexus
2333 1894 2570 1962 deinde
2602 1896 2744 1960 bre-

538 1997 730 2073 viter,
793 2015 956 2081 quae
1013 2015 1089 2059 ex
1147 1994 1266 2060 hac
1322 1994 1757 2081 disputatione
1813 1995 2228 2081 comprobata
2287 2008 2354 2062 et
2407 1999 2742 2064 manifesta

538 2096 779 2162 debent
819 2099 1021 2163 videri
1071 2099 1194 2178 (H
1237 2101 1347 2177 1),
1405 2108 1471 2163 et
1513 2096 1778 2163 adiectis
1820 2100 2298 2184 quaestionibus
2344 2102 2738 2187 quibusdam,

539 2219 704 2286 quae
772 2223 912 2265 cum
983 2204 1269 2287 exposita
1334 2201 1579 2267 formae
1636 2213 1701 2267 et
1755 2206 2056 2268 materiae
2112 2214 2336 2270 natura
2393 2207 2746 2272 cohaerent

537 2310 633 2382 (c.
664 2307 933 2384 2-5),
991 2308 1295 2370 unitatem
1355 2317 1418 2369 et
1463 2314 1754 2371 notarum
1803 2310 1868 2374 in
1913 2305 2314 2372 conficienda
2360 2313 2630 2374 notione
2676 2321 2744 2375 et

538 2407 782 2473 formae
828 2430 967 2474 cum
1010 2413 1270 2474 materia
1316 2411 1381 2473 in
1428 2409 1903 2476 conformandis
1954 2410 2150 2477 rebus
2193 2411 2601 2478 sensibilibus
2645 2434 2743 2479 re-

538 2510 715 2575 ducit
770 2511 852 2575 ad
911 2509 1244 2577 discrimen
1299 2517 1632 2600 potentiae
1688 2525 1753 2580 et
1802 2524 2006 2595 aetus,
2065 2538 2227 2603 quae
2271 2520 2743 2605 coniungantur

537 2619 704 2680 inter
747 2637 818 2680 se
861 2638 981 2703 per
1018 2620 1393 2704 principium
1434 2638 1699 2683 movens
1744 2623 1825 2700 (c.
1859 2622 1952 2702 6).
2023 2620 2183 2685 Inde
2219 2632 2406 2708 aptus
2437 2625 2738 2687 transitus

536 2720 617 2785 ad
666 2719 1067 2807 explicandas
1112 2724 1440 2808 potentiae
1486 2735 1552 2787 et
1596 2734 1771 2788 aetus
1817 2727 2119 2789 notiones
2166 2725 2329 2807 (Θ),
2376 2724 2603 2811 quibus
2648 2724 2741 2793 di-

535 2826 771 2910 stingui
819 2826 981 2889 entis
1024 2834 1308 2890 naturam
1355 2847 1542 2912 supra
1583 2829 1648 2890 in
1681 2829 2002 2914 principio
2038 2827 2296 2895 alterius
2324 2832 2522 2915 partis
2554 2829 2737 2893 huius

538 2926 914 3014 disciplinae
960 2928 1056 3005 (E
1089 2930 1163 3011 2)
1208 2928 1695 3017 significaverat.
1774 2933 1855 2996 Et
1898 2935 2168 3018 primum
2213 2932 2465 3018 quidem
2508 2942 2738 3019 poten·

535 3033 662 3096 tiae
707 3042 993 3096 naturam
1040 3031 1343 3098 describit
1384 3055 1648 3120 eamque
1693 3035 2116 3121 comprobare
2159 3035 2374 3101 studet
2411 3056 2484 3102 re
2523 3058 2598 3100 ac
2631 3056 2739 3101 ve-

531 3137 724 3199 ritate
769 3135 848 3198 ab
896 3146 1040 3200 actu
1088 3157 1227 3201 esse
1274 3136 1755 3203 discernendam
1801 3142 1896 3217 (c.
1932 3140 2198 3218 1-4)‚
2251 3139 2488 3205 deinde
2529 3150 2736 3205 actum

537 3236 873 3327 distinguit
929 3261 1005 3303 ac
1062 3238 1394 3318 describit,
1451 3263 1719 3326 eumque
1776 3254 1841 3306 et
1894 3244 2165 3308 notione
2223 3253 2290 3309 et
2343 3253 2629 3329 tempore
2671 3253 2737 3308 et

533 3341 884 3407 substantia
945 3362 1020 3405 ac
1076 3341 1385 3431 dignitate
1440 3350 1755 3431 potiorem
1816 3367 1958 3411 esse
2011 3349 2297 3432 potentia
2343 3346 2737 3414 demonstrat

532 3450 627 3522 (c.
667 3447 958 3526 5--9).Δ
1016 3445 1315 3534 Denique
1360 3472 1548 3535 quum
1594 3453 1661 3514 in
1708 3449 2177 3538 cognoscendis
2223 3453 2594 3536 compositis
2638 3471 2736 3514 re-

531 3548 651 3614 bus
708 3549 866 3614 haec
921 3551 1004 3614 sit
1057 3555 1343 3616 veritatis
1401 3552 1530 3632 lex,
1590 3564 1661 3618 ut
1717 3558 2189 3641 coniungantur
2244 3575 2319 3618 ac
2364 3553 2736 3619 dirimantur

533 3655 834 3717 notiones
878 3652 1145 3738 perinde
1191 3677 1264 3719 ac
1307 3677 1408 3721 res
1454 3656 1557 3721 vel
1606 3660 1980 3725 coniunctae
2025 3667 2175 3721 sunt
2213 3657 2323 3722 vel
2365 3658 2734 3736 disiunctae,

533 3776 696 3841 quae
747 3758 832 3819 sit
887 3759 1123 3821 veritas
1176 3760 1242 3822 in
1287 3760 1714 3847 percipiendis
1759 3758 2131 3826 notionibus
2175 3760 2563 3847 simplicibus
2605 3761 2736 3827 dis-

534 3869 777 3945 ceptat;
822 3862 1110 3927 nimirum
1156 3862 1222 3926 in
1267 3861 1381 3942 his,
1427 3876 1677 3929 remoto
1726 3868 1898 3929 omni
1945 3856 2179 3943 errore,
2222 3864 2376 3929 nibil
2421 3865 2593 3931 aliud
2639 3866 2736 3931 lo-

534 3984 672 4029 cum
721 3963 952 4031 babere
998 3967 1120 4030 nisi
1163 3965 1273 4030 vel
1317 3973 1648 4053 percipere
1693 3966 1794 4032 vel
1841 3988 1974 4032 non
2019 3971 2350 4054 percipere
2394 3975 2491 4049 (c.
2531 3972 2678 4052 1⁰).

664 4068 1048 4135 Brevissime
1094 4091 1331 4135 summa
1375 4070 1571 4135 modo
1618 4093 1828 4135 rerum
1875 4076 2080 4156 capita
2125 4072 2354 4139 lectori
2396 4078 2464 4139 in
2501 4094 2736 4139 inemo-

533 4176 686 4236 riam
732 4171 1094 4238 revocanda
1138 4177 1386 4260 putavi,
1445 4185 1515 4238 ut
1572 4179 1675 4260 qni
1721 4178 1803 4239 sit
1846 4180 2042 4241 totius
2087 4175 2538 4263 disputationis
2581 4196 2732 4241 con-

534 4288 737 4340 textus
796 4291 1127 4362 appareat;
1185 4281 1573 4344 accuratiora
1622 4281 1727 4364 qui
1772 4277 2302 4358 desideraverint,
2359 4290 2730 4370 argumenta

531 4378 801 4468 singulis
857 4380 1163 4448 librorum
1220 4382 1502 4470 partibus
1546 4386 1612 4446 in
1669 4388 2120 4449 commentario
2179 4384 2456 4472 praefixa
2515 4385 2731 4448 confe-

532 4494 692 4547 rant.
781 4484 1076 4551 Invenies
1134 4486 1385 4572 quidem
1446 4488 1631 4551 etiam
1689 4489 1757 4553 in
1815 4487 1912 4553 his
1969 4510 2134 4575 quae
2185 4488 2290 4555 vel
2335 4491 2528 4554 artius
2574 4510 2726 4554 con-

3061 577 3093 937 =,fl.-Enfi

3069 1003 3093 2510 -d—,mffl—ffl-mflfflfl‘fflfss
