3109 5175
582 368 732 443 242
1075 427 1086 444 .
1417 369 1486 439 A
1535 365 1607 440 8.
1690 363 1879 440 1017
1896 365 1959 438 ὁ.

585 546 654 611 δὲ
697 539 791 629 μὴ
836 541 1004 609 εἶναι
1046 541 1149 610 ὅτι
1188 540 1305 609 οὐκ
1341 539 1601 623 ἀληθὲς
1637 536 1809 608 ἀλλὰ
1844 541 2109 630 ψεῦδος,
2153 539 2399 627 ὁμοίως
2441 544 2548 608 ἐπὶ
2592 564 2797 609 κατα·

585 644 850 738 φάσεως
892 649 1004 712 καὶ
1051 643 1470 735 ἀποφάσεως,
1514 657 1780 733 apparet
1812 641 2195 734 κατάφασιν
2232 656 2299 711 et
2334 641 2684 735 ἀπόφασιν
2708 646 2796 711 ad

584 761 922 835 utrumque
963 752 1188 818 referri
1233 762 1300 816 et
1342 750 1425 815 ad
1468 744 1547 815 τὸ
1594 746 1761 814 εἶναι
1807 759 1873 814 et
1914 747 1996 813 ad
2040 742 2118 814 τὸ
2161 744 2254 833 μὴ
2300 743 2485 814 εἶναι.
2575 749 2795 835 Itaque

585 854 681 919 his
711 853 1059 932 vocabum,
1100 850 1495 945 κατάφασις,
1531 848 1892 943 ἀπόφασις,
1928 873 2062 918 non
2099 850 2263 916 illud
2290 850 2612 939 signifieat
2646 873 2797 939 pro-

585 962 978 1044 positionum
1025 949 1392 1038 discritnen,
1450 955 1627 1044 quod
1684 978 1758 1020 ex
1811 954 2045 1042 copula
2088 958 2226 1020 ἐστι
2267 954 2377 1020 vel
2420 955 2797 1021 affirmative

583 1062 691 1127 vel
736 1065 1036 1150 negative
1082 1061 1364 1127 adhibita
1411 1061 1688 1135 exsistit,
1743 1059 1863 1125 sed
1915 1058 1983 1124 id
2040 1059 2215 1145 quod
2268 1081 2344 1123 ex
2400 1059 2796 1145 praedicato-

583 1188 722 1231 rum
766 1177 991 1231 natura
1037 1166 1411 1231 affirmativa
1458 1174 1570 1228 aut
1612 1167 1906 1251 negativa
1953 1166 2175 1228 oritur.
2244 1162 2469 1228 Veluti
2501 1169 2797 1229 enuncia-

583 1273 708 1335 tio:
767 1272 904 1335 ἔστι
946 1265 1320 1355 Σωκράτης
1374 1265 1454 1333 οὐ
1498 1263 1726 1341 λευκός
1770 1277 2036 1353 propter
2078 1264 2510 1352 praedicatum
2554 1272 2797 1356 negati·-

584 1397 731 1439 vum
791 1373 874 1437 ad
930 1368 1306 1460 ἀποφάσεις
1361 1369 1699 1437 referenda
1758 1375 1905 1450 erit,
1962 1370 2196 1456 copula
2254 1382 2463 1435 autem
2524 1371 2797 1436 affirma-

587 1480 716 1542 tiva
777 1495 914 1542 eam
971 1475 1163 1541 habet
1217 1480 1374 1554 vim,
1440 1485 1511 1541 ut
1573 1474 1744 1540 illam
1806 1477 2319 1540 enunciationem
2379 1497 2588 1540 veram
2652 1496 2794 1541 esee

586 1578 879 1644 affirmet.
982 1579 1315 1644 Eiusmodi
1382 1583 1865 1645 enunciationes
1929 1577 2309 1653 Aristoteles
2373 1589 2642 1666 propter
2701 1583 2796 1644 in-

586 1682 910 1748 definitam
967 1681 1319 1769 praedicati
1378 1693 1664 1749 naturam
1728 1680 2078 1767 ἀορίστους
2137 1682 2370 1748 dixisse
2424 1682 2796 1770 perhibetur

587 1787 917 1867 (Ammon.
978 1785 1058 1851 ad
1104 1787 1315 1851 Herm.
1362 1786 1578 1853 Scbol.
1632 1782 1798 1853 121a
1840 1788 1991 1866 13),
2049 1787 2225 1874 quod
2281 1808 2514 1853 nomen
2573 1807 2791 1872 parum

584 1890 975 1956 intellectum
1019 1887 1101 1955 ad
1141 1901 1423 1955 nostram
1462 1900 1732 1956 aetatem
1771 1890 2052 1956 obtinuit
2094 1890 2443 1974 (Trendel.
2472 1890 2570 1954 El.
2602 1889 2660 1976 5.
2691 1892 2790 1969 5),

587 1993 1067 2081 Theophrastus
1091 2016 1256 2059 .vero
1286 2000 1357 2060 ἐκ
1384 1997 1823 2079 μεταθέσεως.
1856 2031 1943 2045 -
1978 1996 2111 2059 ⁶35
2149 1990 2613 2081 σύμμετρος
2642 1996 2793 2058 scri·-

583 2097 866 2164 bendum
910 2119 1068 2175 esse,
1115 2119 1249 2164 non
1294 2095 1727 2185 ἀσύμμετρος,
1772 2096 2029 2164 ostendi
2074 2098 2237 2164 Obs.
2283 2121 2347 2183 p.
2380 2100 2487 2164 89.

717 2203 803 2283 d)
852 2203 1061 2267 lol7a
1085 2203 1387 2268 35-b9.
1478 2202 1726 2288 Quarta
1771 2200 2152 2290 significatio
2197 2205 2319 2268 τοῦ
2362 2196 2571 2278 ὄντος,
2614 2200 2791 2288 qnod

584 2305 692 2369 vel
747 2299 826 2370 τὸ
886 2301 1160 2390 δυνάμει
1213 2300 1295 2370 ὅν
1348 2308 1456 2373 vel
1504 2302 1585 2373 τὸ
1630 2307 1983 2390 ἐντελεχείᾳ
2024 2305 2369 2394 sig-nificat,
2428 2308 2793 2391 superiores

586 2429 808 2473 omnes
865 2407 1310 2494 complectitur
1361 2415 1536 2493 (τῶν
1594 2415 1947 2498 εἰρημένων
1989 2406 2239 2476 τούτων
2276 2411 2427 2491 ὂ2);
2484 2407 2792 2495 quidquid

586 2515 752 2577 enim
797 2533 939 2577 esse
983 2511 1226 2600 aliquid
1270 2513 1513 2595 dicitur,
1559 2514 1623 2580 id
1670 2514 1777 2580 vel
1818 2516 2109 2601 potentia
2147 2512 2309 2579 iuud
2348 2524 2448 2578 est
2481 2512 2588 2576 vel
2627 2522 2790 2578 actu.

585 2618 731 2682 Hoc
772 2616 1126 2696 discrimen,
1170 2622 1535 2705 saepissime
1580 2623 1648 2684 in
1692 2619 1987 2684 omnibus
2032 2619 2510 2704 quaestionibus
2551 2617 2792 2682 adhibi-

585 2733 744 2799 tum,
804 2720 1062 2786 uberius
1107 2726 1368 2808 exponit
1413 2722 1581 2788 libro
1635 2724 1721 2801 Θ,
1782 2727 1956 2788 cuius
2013 2721 2160 2787 libri
2218 2731 2413 2807 caput
2457 2725 2789 2806 septimum

585 2828 843 2910 respicit
878 2828 992 2890 ⁶9:
1037 2830 1108 2891 ὲν
1142 2819 1370 2901 ἄλλοις
1403 2827 1784 2911 διοριστέον.
1818 2862 1898 2877 —-
1940 2825 2277 2890 Sententia
2305 2826 2668 2890 Aristotelis
2696 2828 2791 2891 ni-

584 2927 676 2992 hil
717 2928 912 2995 habet
955 2928 1229 3007 obscuri,
1273 2929 1390 2995 sed
1434 2929 1515 2994 de
1560 2932 1715 3017 ipsis
1758 2930 1972 2994 verbis
2014 2929 2159 3015 pius
2202 2948 2329 2993 una
2372 2933 2576 2994 oritur
2613 2929 2794 2994 dubi-

583 3037 759 3097 tatio.
834 3034 1108 3098 Primum
1152 3027 1359 3115 ρητόν
1403 3045 1468 3097 et
1510 3034 1725 3119 ῥητῶς
1766 3035 2111 3118 antiquitus
2154 3035 2277 3096 iam
2324 3035 2389 3097 in
2432 3043 2669 3107 textum
2710 3037 2792 3097 ir-

583 3138 860 3221 repsisse
904 3140 1085 3200 testis
1131 3147 1230 3200 est
1257 3135 1621 3201 Alexander
1662 3159 1724 3222 p.
1754 3138 1905 3214 332,
1934 3138 2038 3215 22,
2082 3157 2215 3202 non
2254 3140 2601 3224 genuit-nn
2629 3133 2789 3201 illud

579 3259 725 3305 esse
768 3238 956 3303 facile
1001 3238 1121 3303 sibi
1167 3239 1593 3325 persuadebit,
1639 3243 1745 3326 qui
1790 3260 2013 3304 omnes
2044 3239 2529 3305 Aristotelis=de
2564 3250 2791 3325 poten-

581 3347 668 3406 tia
712 3341 897 3408 locos
941 3342 1316 3419 contulerit3
1362 3343 1474 3407 sed
1521 3348 1627 3430 qui
1675 3347 1958 3430 potuerit
1998 3343 2221 3407 inferri
2263 3348 2607 3411 intextum
2654 3363 2790 3407 non

582 3445 793 3514 video.
869 3446 1220 3515 Articulum
1263 3447 1499 3513 deinde
1542 3447 1798 3514 duobus
1841 3446 2003 3512 locis
2049 3446 2507 3512 excludendum
2552 3450 2788 3525 censui,

580 3554 729 3637 quia
773 3550 949 3616 nulla
993 3551 1084 3616 ibi
1131 3557 1380 3618 ratione
1428 3550 1726 3639 explicari
1771 3560 2017 3636 potest,
2065 3573 2178 3614 cur
2219 3550 2647 3636 praedicatum
2690 3572 2788 3615 ar-

581 3652 839 3719 ticulum
887 3654 1241 3720 adsciverit.
1292 3691 1372 3707 -—
1436 3654 1807 3740 Exemplum
1855 3655 2156 3719 Mercurii
2214 3656 2319 3740 qui
2364 3658 2432 3719 in
2474 3654 2621 3719 rudi
2663 3674 2788 3717 mn·

581 3762 757 3837 teria,
801 3756 1043 3824 dimidii
1087 3759 1262 3844 quod
1309 3763 1377 3823 in
1419 3768 1563 3824 toto
1609 3761 1760 3823 insit
1803 3758 2100 3843 frequens
2136 3762 2198 3823 in
2238 3758 2360 3822 hac
2391 3780 2478 3835 re,
2517 3757 2596 3821 cf.
2628 3757 2786 3822 Bo.

585 3864 797 3928 10⁰2ae
830 3864 937 3927 22.
1005 3862 1062 3927 Θ
1104 3865 1167 3927 6.
1217 3863 1426 3928 1048α
1462 3864 1523 3927 3.
1582 3861 1777 3947 Phys.
1821 3863 1851 3926 1
1901 3865 1961 3927 7.
2012 3865 2173 3929 190·
2213 3865 2272 3927 7.

1428 4050 1654 4127 CAP.
1719 4051 1931 4126 VIII.

711 4194 816 4259 De
863 4193 1106 4279 οὐσίᾳ
1149 4193 1468 4259 subtiliter
1514 4203 1578 4259 et
1623 4205 1916 4258 accurate
1947 4193 2329 4259 Aristoteles
2361 4190 2645 4280 disputat
2670 4214 2786 4280 per

579 4300 913 4363 universos
959 4297 1160 4363 libros
1192 4299 1254 4361 Z
1294 4306 1357 4362 et
1386 4299 1484 4374 H,
1529 4297 1755 4382 quibus
1801 4302 2180 4385 comparatis
2226 4299 2575 4385 apparebit,
2621 4318 2784 4385 quae

578 4402 643 4464 in
689 4402 807 4466 hac
849 4402 1385 4490 significationum
1433 4400 1914 4468 enumeratione
1959 4402 2065 4468 vel
2109 4406 2339 4468 omissa
2387 4405 2513 4467 sint
2548 4400 2651 4466 vel
2690 4399 2788 4465 di·

578 4506 804 4569 stincta
850 4526 1039 4591 quum
1088 4526 1218 4570 non
1265 4505 1543 4570 debeant
1589 4504 1909 4593 distingui.
