3109 5175
603 367 744 447 194
1428 369 1503 442 Γ
1541 366 1614 441 4.
1692 365 1885 442 1007
1903 364 1968 439 b.

599 548 818 616 cidere
855 539 934 611 τὰ
978 539 1178 631 σιμόν
1222 550 1290 611 et
1330 545 1425 610 sic
1465 564 1693 632 porro.
1776 545 1941 610 Nam
1996 543 2093 627 τῷ
2132 542 2454 629 μουσιωᾷ,
2512 541 2690 631 qnod
2746 553 2821 609 et‘

597 657 804 741 ipsum
859 649 1158 716 accidens
1217 660 1343 729 est,
1397 651 1486 713 ita
1539 659 1786 715 tantum
1834 648 2077 713 dicitur.
2104 648 2398 714 accidere
2438 641 2521 714 τὸ
2564 643 2814 728 λευκόν,

600 751 778 844 quod
822 764 1158 840 utrumque
1205 751 1485 819 eiusdem
1532 752 1800 819 subiecti
1848 764 1945 818 est
1986 751 2303 831 accidens,
2348 751 2550 819 veluti
2585 752 2816 819 Som-

599 864 713 938 tis‚
767 879 892 924 nec
945 857 1163 925 differt
1219 869 1426 923 utrum
1477 859 1573 942 τῷ
1614 859 1907 944 μουσικῷ
1945 848 2026 922 τὸ
2071 851 2301 921 λευκόν
2345 877 2426 921 an
2471 860 2565 941 τῷ
2610 859 2816 940 λευκῷ

599 959 678 1031 τὸ
721 958 1039 1049 μουσικόν
1079 960 1360 1030 dieamus
1407 961 1717 1028 accidere.
1805 962 2029 1047 Itaque
2071 964 2370 1047 quoniam
2416 965 2656 1040 statim,
2698 961 2813 1026 ubi

601 1069 735 1135 duo
779 1072 947 1133 inter
989 1085 1060 1133 se
1106 1066 1457 1132 accidentia
1505 1068 2031 1144 coniunxerimus,
2082 1062 2164 1129 ad
2210 1067 2411 1151 ipsum
2456 1061 2815 1131 subiectum

601 1171 951 1240 recurritur
1006 1181 1072 1236 et
1122 1173 1190 1235 in
1236 1190 1318 1236 eo
1364 1190 1550 1234 causa
1596 1172 1921 1256 quaeritur
1964 1189 2078 1233 cur
2120 1168 2388 1235 alterum
2434 1170 2684 1235 aecidat
2727 1169 2815 1235 al·

601 1281 751 1356 teri,
807 1285 999 1361 atque
1056 1295 1131 1339 ea
1190 1285 1288 1339 est
1337 1274 1564 1340 horum
1609 1272 2029 1340 accidentium
2074 1272 2481 1353 vicissitudo,
2537 1286 2609 1339 ut
2652 1273 2816 1340 nihil

602 1380 873 1458 differat,
917 1387 1128 1443 utrum
1173 1376 1404 1444 dixeris
1449 1377 1632 1443 alteri
1677 1375 1983 1457 accidere,
2029 1388 2371 1465 propterea
2416 1398 2550 1443 non
2592 1388 2817 1465 potest

600 1481 893 1573 longior,
950 1503 1073 1547 nec
1125 1503 1287 1548 vero
1339 1481 1590 1547 infinita
1635 1480 1983 1550 accidentia
2029 1481 2111 1550 de
2157 1481 2588 1548 accidentibus
2634 1503 2817 1569 prae-

604 1587 857 1655 dicandi
900 1589 1100 1651 series
1145 1589 1409 1652 institui.
1499 1584 1728 1651 Altero
1774 1595 1991 1653 autem.
2027 1605 2249 1666 sensu,
2305 1607 2493 1672 quum
2541 1585 2623 1652 de
2666 1584 2817 1652 sub·

601 1696 772 1758 iacto
799 1733 804 1742 ·
830 1687 1232 1777 praedicatur
1286 1688 1610 1768 accidens,
1677 1693 1883 1754 statim
1951 1688 2253 1756 habemus
2310 1690 2505 1756 finem
2565 1689 2817 1777 praedi-

603 1793 807 1874 candi,
854 1813 976 1859 nec
1018 1796 1290 1882 cogitari
1335 1795 1599 1859 omnino
1645 1802 1861 1879 potest
1902 1791 1985 1858 de
2022 1794 2337 1860 infinitate
2374 1793 2813 1864 accidentium.

600 1899 854 1967 Neutro
912 1899 1109 1986 igitur
1164 1917 1355 1962 sensu
1407 1895 1755 1962 accidentia
1800 1899 1869 1962 in
1913 1898 2225 1965 infinitum
2268 1907 2546 1986 possunt
2587 1917 2817 1985 proce·

602 2004 773 2081 dere,
820 2011 885 2068 et
928 2003 1152 2066 tertius
1196 2021 1330 2094 non
1376 2000 1583 2066 datur.
1633 2037 1714 2054 -
1768 2000 1972 2090 Igitur
2015 2013 2087 2068 ut
2132 2002 2309 2068 brevi
2355 2023 2491 2067 rem
2535 1999 2816 2087 comple-

601 2119 868 2173 ctamnrt
943 2107 1050 2191 qm’
1101 2107 1487 2192 principium
1547 2103 2070 2172 contradictionis
2126 2107 2507 2185 infitiantur,
2578 2103 2817 2172 tollunt

601 2212 1045 2287 substantiam,
1102 2205 1451 2274 substantia
1513 2221 1722 2275 autem
1780 2229 1912 2275 non
1972 2222 2186 2298 potest
2229 2209 2404 2286 tostii
2461 2231 2621 2298 ergo
2678 2230 2817 2274 non

602 2312 846 2380 debent
887 2309 1146 2376 infitiari
1190 2310 1351 2377 illud
1398 2316 1796 2399 principium.

737 2417 940 2482 100Ίῦ
971 2418 1057 2481 18
1102 2416 1220 2480 ἔτι
1263 2420 1328 2480 εὶ
1374 2453 1456 2469 -
1507 2418 1717 2482 1008ae
1747 2419 1792 2483 2
1834 2413 2332 2509 κατάφασις.
2422 2419 2814 2505 Principium

603 2521 1127 2589 contradictionis
1185 2521 1295 2607 qui
1354 2532 1655 2587 recusant
1712 2541 2095 2611 agnoscere,
2156 2541 2290 2588 non
2348 2525 2631 2609 possunt
2678 2541 2814 2589 non

602 2625 961 2693 concedere
1018 2623 1186 2690 idem
1241 2644 1388 2690 esse
1447 2630 1690 2705 omnia,
1746 2648 1822 2691 ac
1876 2627 1985 2692 vel
2033 2649 2107 2692 ea
2152 2649 2313 2714 quae
2355 2625 2559 2715 vulgo
2606 2626 2816 2692 diver-

600 2735 847 2798 sissima
906 2740 1273 2808 censentur,
1332 2728 1532 2795 veluti
1589 2730 1783 2797 homo
1834 2753 2050 2797 murus
2094 2735 2300 2810 navis,
2358 2751 2432 2794 re
2474 2752 2627 2795 vera
2672 2752 2815 2796 esse

600 2834 791 2901 idem.
881 2826 1134 2920 Quodsi
1185 2834 1579 2921 Protagorae
1622 2833 1853 2921 placita
1897 2836 2202 2922 probant,
2262 2854 2425 2921 qnae
2483 2833 2813 2921 quomodo

599 2938 772 3005 idem
808 2940 1182 3027 principium
1221 2936 1453 3002 tollant
1485 2937 1647 3002 infra
1681 2944 2019 3025 exponitur
2048 2960 2186 3027 cap.
2217 2940 2277 3017 ὅ,
2325 2960 2516 3025 quum
2545 2938 2705 3005 nihil
2732 2943 2815 3004 sit

603 3041 784 3129 quod
828 3060 961 3107 non
993 3041 1077 3106 de
1106 3060 1177 3105 ro
1213 3039 1495 3127 qualibet
1528 3038 1636 3104 vel
1673 3041 2112 3108 affirmandum
2146 3043 2252 3108 vel
2289 3042 2653 3131 negandum
2684 3040 2815 3107 cui-

600 3147 770 3231 piam
813 3145 1138 3222 videatur,
1195 3164 1272 3209 ac
1326 3162 1546 3207 verum
1605 3164 1747 3210 esse
1791 3147 2188 3212 contendant
2232 3144 2407 3232 quod
2449 3149 2681 3232 cuique
2724 3150 2815 3211 vi-

603 3247 831 3314 deatur
871 3250 968 3327 (si
1011 3241 1144 3336 γὰρ
1184 3284 1265 3299 -—
1305 3248 1511 3327 δῆλον
1555 3241 1663 3312 ὅτι
1699 3246 1816 3315 οὐκ
1854 3252 1991 3316 ἔστι
2020 3247 2287 3339 τριήρης
2321 3250 2468 3329 ὸ24,
2513 3270 2603 3314 sc·
2640 3242 2814 3314 κατὰ

600 3347 755 3428 τοὺς
812 3352 1126 3436 λέγοντας
1176 3344 1293 3417 τὸν
1335 3348 1797 3438 Πρωταγόρου
1840 3350 2111 3439 λόγον),
2170 3354 2447 3440 denique
2503 3351 2814 3440 quidquid

600 3463 878 3543 negatur
922 3454 1088 3520 idem
1133 3453 1575 3521 affirmandum
1620 3459 1719 3537 sit,
1764 3457 2071 3545 quidquid
2107 3457 2458 3522 affirmatur
2498 3458 2664 3523 idem
2703 3476 2815 3523 no-

601 3558 906 3648 gandum:
954 3569 1224 3648 apparet
1266 3559 1350 3624 de
1395 3558 1678 3645 qualibet
1718 3582 1794 3626 re
1836 3561 2089 3648 quidvis
2124 3582 2265 3626 esse
2296 3561 2812 3647 praedicandum.

601 3663 697 3728 lta
742 3663 813 3728 w
855 3666 1041 3731 ἔσται
1083 3659 1370 3739 ἅπαντα,
1417 3683 1538 3727 nec
1573 3661 1969 3752 distinguere
2006 3663 2327 3751 quidpiam
2365 3678 2651 3752 possunt,
2697 3664 2812 3732 sed

601 3769 670 3834 in
716 3768 1041 3833 confusam
1089 3779 1153 3832 et
1197 3765 1591 3831 indefinitam
1638 3771 1995 3834 mistionem
2040 3770 2461 3857 Anaxagorae
2505 3770 2813 3848 incidunt,
2882 3840 2890 3851 ἃ

603 3890 768 3956 quae
808 3866 885 3936 τὸ
932 3867 1203 3956 δυνάμει
1248 3866 1355 3948 ὄν,
1410 3880 1639 3956 utpote
1682 3872 2075 3959 complexum
2120 3876 2187 3938 in
2231 3894 2304 3937 se
2349 3877 2810 3939 scunarium

601 3977 981 4057 potentiam,
1025 3974 1373 4064 significat,
1433 3985 1498 4039 et
1539 3995 1675 4041 non
1718 3972 1797 4041 τὸ
1841 3978 2134 4060 ἐνεργείᾳ
2178 3970 2276 4042 ὅν.
2319 4012 2408 4026 -—
2463 3978 2605 4042 Nec
2647 3998 2810 4045 vero

602 4069 816 4157 (ἀλλὰ
860 4072 996 4161 μὴν
1036 4081 1169 4144 κτλ.
1206 4081 1377 4160 ⁶29)
1423 4082 1670 4146 evitare
1713 4091 1985 4166 possunt
2027 4081 2189 4144 hanc
2237 4082 2811 4158 ratiocinationem,

601 4178 753 4245 licet
797 4200 931 4245 non
974 4184 1113 4267 ipsa
1157 4183 1446 4268 probent
1481 4185 1879 4272 Protagorae
1927 4183 2187 4271 placita,
2246 4182 2591 4250 dummodo
2638 4187 2811 4270 prin-

603 4287 834 4369 cipium
893 4286 1415 4353 contradictionis
1469 4287 1717 4353 tollant.
1807 4290 2055 4354 Etenim
2100 4292 2155 4352 si
2200 4287 2281 4353 de
2327 4289 2587 4352 bomine
2626 4309 2813 4375 prae·

603 4382 871 4453 dicanda
928 4399 1039 4454 est·
1068 4412 1144 4455 ex
1192 4410 1411 4457 eorum
1453 4396 1771 4457 sententia
1815 4395 2077 4480 negatio
2124 4395 2261 4457 eius
2307 4391 2483 4478 quod
2527 4401 2656 4470 est,
2712 4405 2812 4458 est

603 4501 810 4557 autem
845 4494 1055 4575 homo,
1085 4498 1281 4584 igitur
1311 4500 1365 4561 si
1396 4496 1862 4584 praedicandus
1894 4506 1993 4560 est
2020 4494 2415 4573 non-homo,
2444 4495 2645 4584 longe
2675 4516 2812 4562 cer-
