<?xml version="1.0" encoding="UTF-8"?>
<!DOCTYPE html PUBLIC "-//W3C//DTD XHTML 1.0 Transitional//EN"
    "http://www.w3.org/TR/xhtml1/DTD/xhtml1-transitional.dtd">
<html xmlns="http://www.w3.org/1999/xhtml" xml:lang="en" lang="en">
 <head>
  <title>
</title>
<meta http-equiv="Content-Type" content="text/html;charset=utf-8" />
  <meta name='ocr-system' content='tesseract 3.04.00' />
  <meta name='ocr-capabilities' content='ocr_page ocr_carea ocr_par ocr_line ocrx_word'/>
</head>
<body>
  <div class='ocr_page' id='page_1' title='image "aristotelismeta01bonigoog_0166.png"; bbox 0 0 3109 5175; ppageno 0'>
   <div class='ocr_carea' id='block_1_1' title="bbox 0 2972 4 3540">
    <p class='ocr_par' dir='ltr' id='par_1_1' title="bbox 0 2972 4 3540">
     <span class='ocr_line' id='line_1_1' title="bbox 0 2972 4 3540; baseline 0 0"><span class='ocrx_word' id='word_1_1' title='bbox 0 2972 4 3540; x_wconf 95' lang='lat' dir='ltr'><strong> </strong></span> 
     </span>
    </p>
   </div>
   <div class='ocr_carea' id='block_1_2' title="bbox 586 367 1922 448">
    <p class='ocr_par' dir='ltr' id='par_1_2' title="bbox 586 367 1922 448">
     <span class='ocr_line' id='line_1_2' title="bbox 586 367 1922 448; baseline -0.005 0"><span class='ocrx_word' id='word_1_2' title='bbox 586 372 726 448; x_wconf 83' lang='lat'><strong>144</strong></span> <span class='ocrx_word' id='word_1_3' title='bbox 1425 367 1618 443; x_wconf 84' lang='grc' dir='ltr'><strong>Β2.</strong></span> <span class='ocrx_word' id='word_1_4' title='bbox 1692 369 1922 443; x_wconf 81' lang='grc' dir='ltr'><strong><em>997α.</em></strong></span> 
     </span>
    </p>
   </div>
   <div class='ocr_carea' id='block_1_3' title="bbox 531 538 2799 4455">
    <p class='ocr_par' dir='ltr' id='par_1_3' title="bbox 531 538 2799 4455">
     <span class='ocr_line' id='line_1_3' title="bbox 583 538 2784 629; baseline -0.003 -14"><span class='ocrx_word' id='word_1_5' title='bbox 583 551 700 615; x_wconf 74' lang='grc' dir='ltr'><strong>76ῠ</strong></span> <span class='ocrx_word' id='word_1_6' title='bbox 722 550 837 613; x_wconf 82' lang='lat'><strong>2⁰:</strong></span> <span class='ocrx_word' id='word_1_7' title='bbox 883 544 1033 613; x_wconf 78' lang='grc' dir='ltr'><strong><em>οὐδὲ</em></strong></span> <span class='ocrx_word' id='word_1_8' title='bbox 1076 540 1161 611; x_wconf 88' lang='grc' dir='ltr'><strong><em>τά</em></strong></span> <span class='ocrx_word' id='word_1_9' title='bbox 1202 538 1392 610; x_wconf 83' lang='grc' dir='ltr'><strong><em>κοινά</em></strong></span> <span class='ocrx_word' id='word_1_10' title='bbox 1436 548 1591 625; x_wconf 86' lang='lat' dir='ltr'><strong>(int.</strong></span> <span class='ocrx_word' id='word_1_11' title='bbox 1626 539 2012 629; x_wconf 71' lang='grc' dir='ltr'><strong><em>ἀξιώματα)</em></strong></span> <span class='ocrx_word' id='word_1_12' title='bbox 2057 541 2137 610; x_wconf 85' lang='grc' dir='ltr'><strong>οὐ</strong></span> <span class='ocrx_word' id='word_1_13' title='bbox 2186 538 2514 628; x_wconf 77' lang='grc' dir='ltr'><strong><em>λαμβάνει</em></strong></span> <span class='ocrx_word' id='word_1_14' title='bbox 2555 543 2620 606; x_wconf 85' lang='grc' dir='ltr'><strong>τί</strong></span> <span class='ocrx_word' id='word_1_15' title='bbox 2663 562 2784 620; x_wconf 82' lang='grc' dir='ltr'><strong>ση-</strong></span> 
     </span>
     <span class='ocr_line' id='line_1_4' title="bbox 579 642 2788 738; baseline -0.004 -21"><span class='ocrx_word' id='word_1_16' title='bbox 579 653 802 737; x_wconf 84' lang='grc' dir='ltr'><strong><em>μαίνει</em></strong></span> <span class='ocrx_word' id='word_1_17' title='bbox 845 643 921 714; x_wconf 82' lang='grc' dir='ltr'><strong>τὸ</strong></span> <span class='ocrx_word' id='word_1_18' title='bbox 962 646 1076 714; x_wconf 79' lang='grc' dir='ltr'><strong><em>ἴσα</em></strong></span> <span class='ocrx_word' id='word_1_19' title='bbox 1110 642 1244 713; x_wconf 83' lang='grc' dir='ltr'><strong>ἀπὸ</strong></span> <span class='ocrx_word' id='word_1_20' title='bbox 1281 648 1441 713; x_wconf 71' lang='grc' dir='ltr'><strong><em>ἴσων</em></strong></span> <span class='ocrx_word' id='word_1_21' title='bbox 1474 644 1762 738; x_wconf 83' lang='grc' dir='ltr'><strong><em>ἀφελεῖν,</em></strong></span> <span class='ocrx_word' id='word_1_22' title='bbox 1807 643 1910 714; x_wconf 88' lang='grc' dir='ltr'><strong>ὅτι</strong></span> <span class='ocrx_word' id='word_1_23' title='bbox 1943 644 2288 732; x_wconf 77' lang='grc' dir='ltr'><strong><em>γνώριμον.</em></strong></span> <span class='ocrx_word' id='word_1_24' title='bbox 2356 645 2642 711; x_wconf 81' lang='lat' dir='ltr'><strong>Alterum</strong></span> <span class='ocrx_word' id='word_1_25' title='bbox 2677 666 2788 709; x_wconf 89' lang='lat' dir='ltr'><strong>au-</strong></span> 
     </span>
     <span class='ocr_line' id='line_1_5' title="bbox 582 744 2788 842; baseline -0.005 -22"><span class='ocrx_word' id='word_1_26' title='bbox 582 765 710 821; x_wconf 90' lang='lat' dir='ltr'><strong>tem</strong></span> <span class='ocrx_word' id='word_1_27' title='bbox 753 774 957 842; x_wconf 81' lang='lat' dir='ltr'><strong>genus</strong></span> <span class='ocrx_word' id='word_1_28' title='bbox 1001 744 1080 816; x_wconf 82' lang='grc' dir='ltr'><strong><em>τὸ</em></strong></span> <span class='ocrx_word' id='word_1_29' title='bbox 1124 748 1594 830; x_wconf 78' lang='grc' dir='ltr'><strong><em>ἀποδεικτικόν,</em></strong></span> <span class='ocrx_word' id='word_1_30' title='bbox 1638 750 1813 837; x_wconf 81' lang='lat' dir='ltr'><strong>quod</strong></span> <span class='ocrx_word' id='word_1_31' title='bbox 1856 750 2415 816; x_wconf 82' lang='lat' dir='ltr'><strong>demonstrativum</strong></span> <span class='ocrx_word' id='word_1_32' title='bbox 2461 747 2676 812; x_wconf 78' lang='lat' dir='ltr'><strong>dicere</strong></span> <span class='ocrx_word' id='word_1_33' title='bbox 2712 745 2788 810; x_wconf 79' lang='lat' dir='ltr'><strong>li-</strong></span> 
     </span>
     <span class='ocr_line' id='line_1_6' title="bbox 583 848 2789 941; baseline -0.004 -19"><span class='ocrx_word' id='word_1_34' title='bbox 583 869 739 938; x_wconf 86' lang='lat' dir='ltr'><strong>ceat,</strong></span> <span class='ocrx_word' id='word_1_35' title='bbox 785 857 995 923; x_wconf 87' lang='lat' dir='ltr'><strong>locum</strong></span> <span class='ocrx_word' id='word_1_36' title='bbox 1040 853 1279 919; x_wconf 87' lang='lat' dir='ltr'><strong>habere</strong></span> <span class='ocrx_word' id='word_1_37' title='bbox 1323 877 1457 921; x_wconf 89' lang='lat' dir='ltr'><strong>non</strong></span> <span class='ocrx_word' id='word_1_38' title='bbox 1502 865 1738 941; x_wconf 87' lang='lat' dir='ltr'><strong>potest.</strong></span> <span class='ocrx_word' id='word_1_39' title='bbox 1826 855 2118 940; x_wconf 78' lang='lat' dir='ltr'><strong>Namque</strong></span> <span class='ocrx_word' id='word_1_40' title='bbox 2162 853 2245 918; x_wconf 90' lang='lat' dir='ltr'><strong>ad</strong></span> <span class='ocrx_word' id='word_1_41' title='bbox 2290 850 2635 938; x_wconf 84' lang='lat' dir='ltr'>quamlibet</span> <span class='ocrx_word' id='word_1_42' title='bbox 2679 848 2789 914; x_wconf 88' lang='lat' dir='ltr'><strong>de-</strong></span> 
     </span>
     <span class='ocr_line' id='line_1_7' title="bbox 581 959 2790 1043; baseline -0.004 -18"><span class='ocrx_word' id='word_1_43' title='bbox 581 963 1106 1026; x_wconf 79' lang='lat' dir='ltr'><strong>monstrationem</strong></span> <span class='ocrx_word' id='word_1_44' title='bbox 1161 962 1281 1023; x_wconf 88' lang='lat' dir='ltr'><strong>tria</strong></span> <span class='ocrx_word' id='word_1_45' title='bbox 1338 962 1700 1024; x_wconf 86' lang='lat' dir='ltr'><strong>necessario</strong></span> <span class='ocrx_word' id='word_1_46' title='bbox 1751 961 2185 1043; x_wconf 88' lang='lat' dir='ltr'><strong>requiruntur,</strong></span> <span class='ocrx_word' id='word_1_47' title='bbox 2239 959 2508 1043; x_wconf 90' lang='lat' dir='ltr'><strong>primum</strong></span> <span class='ocrx_word' id='word_1_48' title='bbox 2564 973 2790 1041; x_wconf 81' lang='lat' dir='ltr'><strong>genus,</strong></span> 
     </span>
     <span class='ocr_line' id='line_1_8' title="bbox 583 1044 2791 1150; baseline -0.005 -21"><span class='ocrx_word' id='word_1_49' title='bbox 583 1064 668 1129; x_wconf 90' lang='lat' dir='ltr'><strong>ad</strong></span> <span class='ocrx_word' id='word_1_50' title='bbox 713 1063 885 1150; x_wconf 89' lang='lat' dir='ltr'><strong>quod</strong></span> <span class='ocrx_word' id='word_1_51' title='bbox 930 1073 1176 1150; x_wconf 75' lang='lat' dir='ltr'><strong>spectet</strong></span> <span class='ocrx_word' id='word_1_52' title='bbox 1219 1044 1515 1137; x_wconf 49' lang='lat' dir='ltr'><strong>u⁶niv2ersa</strong></span> <span class='ocrx_word' id='word_1_53' title='bbox 1560 1064 2051 1150; x_wconf 78' lang='lat' dir='ltr'><strong>argumentatio,</strong></span> <span class='ocrx_word' id='word_1_54' title='bbox 2109 1058 2342 1125; x_wconf 91' lang='lat' dir='ltr'><strong>deinde</strong></span> <span class='ocrx_word' id='word_1_55' title='bbox 2399 1059 2791 1145; x_wconf 87' lang='lat' dir='ltr'><strong>propositio-</strong></span> 
     </span>
     <span class='ocr_line' id='line_1_9' title="bbox 583 1160 2791 1254; baseline -0.005 -20"><span class='ocrx_word' id='word_1_56' title='bbox 583 1189 700 1234; x_wconf 82' lang='lat' dir='ltr'><strong>nes</strong></span> <span class='ocrx_word' id='word_1_57' title='bbox 743 1167 852 1232; x_wconf 86' lang='lat' dir='ltr'><strong>vel</strong></span> <span class='ocrx_word' id='word_1_58' title='bbox 894 1171 1233 1245; x_wconf 77' lang='lat' dir='ltr'><strong>axiomata,</strong></span> <span class='ocrx_word' id='word_1_59' title='bbox 1280 1187 1355 1230; x_wconf 87' lang='lat' dir='ltr'><strong>ex</strong></span> <span class='ocrx_word' id='word_1_60' title='bbox 1400 1165 1630 1252; x_wconf 84' lang='lat' dir='ltr'><strong>quibus</strong></span> <span class='ocrx_word' id='word_1_61' title='bbox 1673 1174 1931 1252; x_wconf 89' lang='lat' dir='ltr'><strong>petatur</strong></span> <span class='ocrx_word' id='word_1_62' title='bbox 1973 1165 2469 1254; x_wconf 81' lang='lat' dir='ltr'><strong>argumentatio,</strong></span> <span class='ocrx_word' id='word_1_63' title='bbox 2515 1160 2791 1245; x_wconf 91' lang='lat' dir='ltr'><strong>denique</strong></span> 
     </span>
     <span class='ocr_line' id='line_1_10' title="bbox 584 1264 2791 1357; baseline -0.004 -22"><span class='ocrx_word' id='word_1_64' title='bbox 584 1271 992 1349; x_wconf 79' lang='lat' dir='ltr'><strong>affectiones,</strong></span> <span class='ocrx_word' id='word_1_65' title='bbox 1058 1292 1213 1356; x_wconf 89' lang='lat' dir='ltr'><strong>quas</strong></span> <span class='ocrx_word' id='word_1_66' title='bbox 1281 1273 1491 1335; x_wconf 86' lang='lat' dir='ltr'><strong>inesse</strong></span> <span class='ocrx_word' id='word_1_67' title='bbox 1560 1270 1783 1357; x_wconf 82' lang='lat' dir='ltr'><strong>generi</strong></span> <span class='ocrx_word' id='word_1_68' title='bbox 1847 1267 2335 1332; x_wconf 82' lang='lat' dir='ltr'><strong>demonstretur.</strong></span> <span class='ocrx_word' id='word_1_69' title='bbox 2438 1266 2615 1329; x_wconf 88' lang='lat' dir='ltr'><strong>Haec</strong></span> <span class='ocrx_word' id='word_1_70' title='bbox 2669 1264 2791 1327; x_wconf 73' lang='lat' dir='ltr'><strong>tria</strong></span> 
     </span>
     <span class='ocr_line' id='line_1_11' title="bbox 586 1369 2792 1459; baseline -0.004 -21"><span class='ocrx_word' id='word_1_71' title='bbox 586 1378 772 1438; x_wconf 86' lang='lat' dir='ltr'><strong>etiam</strong></span> <span class='ocrx_word' id='word_1_72' title='bbox 830 1377 897 1438; x_wconf 92' lang='lat' dir='ltr'><strong>in</strong></span> <span class='ocrx_word' id='word_1_73' title='bbox 955 1395 1029 1439; x_wconf 88' lang='lat' dir='ltr'><strong>ea</strong></span> <span class='ocrx_word' id='word_1_74' title='bbox 1087 1376 1487 1459; x_wconf 84' lang='lat' dir='ltr'><strong>requirentur</strong></span> <span class='ocrx_word' id='word_1_75' title='bbox 1540 1375 1806 1436; x_wconf 87' lang='lat' dir='ltr'><strong>scientia</strong></span> <span class='ocrx_word' id='word_1_76' title='bbox 1856 1370 2382 1448; x_wconf 84' lang='lat' dir='ltr'><strong>demonstrativa,</strong></span> <span class='ocrx_word' id='word_1_77' title='bbox 2438 1390 2562 1453; x_wconf 86' lang='lat' dir='ltr'><strong>qua</strong></span> <span class='ocrx_word' id='word_1_78' title='bbox 2621 1369 2792 1432; x_wconf 88' lang='lat' dir='ltr'><strong>axio-</strong></span> 
     </span>
     <span class='ocr_line' id='line_1_12' title="bbox 584 1473 2793 1563; baseline -0.004 -21"><span class='ocrx_word' id='word_1_79' title='bbox 584 1487 752 1542; x_wconf 84' lang='lat' dir='ltr'><strong>mata</strong></span> <span class='ocrx_word' id='word_1_80' title='bbox 788 1477 1301 1563; x_wconf 87' lang='lat' dir='ltr'><strong>comprobentur,</strong></span> <span class='ocrx_word' id='word_1_81' title='bbox 1337 1480 1601 1563; x_wconf 87' lang='lat' dir='ltr'><strong>ipsaqne</strong></span> <span class='ocrx_word' id='word_1_82' title='bbox 1635 1479 1945 1541; x_wconf 82' lang='lat' dir='ltr'><strong>axiomata</strong></span> <span class='ocrx_word' id='word_1_83' title='bbox 1981 1475 2360 1540; x_wconf 80' lang='lat' dir='ltr'><strong>affectiones</strong></span> <span class='ocrx_word' id='word_1_84' title='bbox 2401 1481 2588 1536; x_wconf 87' lang='lat' dir='ltr'><strong>erunt</strong></span> <span class='ocrx_word' id='word_1_85' title='bbox 2628 1473 2793 1535; x_wconf 81' lang='lat' dir='ltr'><strong>eius-</strong></span> 
     </span>
     <span class='ocr_line' id='line_1_13' title="bbox 586 1577 2790 1668; baseline -0.005 -22"><span class='ocrx_word' id='word_1_86' title='bbox 586 1581 731 1646; x_wconf 80' lang='lat' dir='ltr'><strong>dem</strong></span> <span class='ocrx_word' id='word_1_87' title='bbox 788 1585 1071 1668; x_wconf 83' lang='lat' dir='ltr'><strong>generis,</strong></span> <span class='ocrx_word' id='word_1_88' title='bbox 1128 1584 1196 1647; x_wconf 92' lang='lat' dir='ltr'><strong>in</strong></span> <span class='ocrx_word' id='word_1_89' title='bbox 1253 1603 1381 1667; x_wconf 89' lang='lat' dir='ltr'><strong>quo</strong></span> <span class='ocrx_word' id='word_1_90' title='bbox 1438 1578 1892 1668; x_wconf 80' lang='lat' dir='ltr'><strong>cognoscendo</strong></span> <span class='ocrx_word' id='word_1_91' title='bbox 1935 1578 2109 1660; x_wconf 24' lang='lat' dir='ltr'><strong>,haec</strong></span> <span class='ocrx_word' id='word_1_92' title='bbox 2164 1586 2453 1642; x_wconf 80' lang='lat' dir='ltr'><strong>versetur</strong></span> <span class='ocrx_word' id='word_1_93' title='bbox 2504 1577 2790 1638; x_wconf 87' lang='lat' dir='ltr'><strong>scientia.</strong></span> 
     </span>
     <span class='ocr_line' id='line_1_14' title="bbox 584 1682 2794 1769; baseline -0.004 -20"><span class='ocrx_word' id='word_1_94' title='bbox 584 1684 715 1749; x_wconf 89' lang='lat' dir='ltr'><strong>Iam</strong></span> <span class='ocrx_word' id='word_1_95' title='bbox 773 1706 965 1769; x_wconf 88' lang='lat' dir='ltr'><strong>quum</strong></span> <span class='ocrx_word' id='word_1_96' title='bbox 1022 1687 1329 1749; x_wconf 84' lang='lat' dir='ltr'><strong>axiomata</strong></span> <span class='ocrx_word' id='word_1_97' title='bbox 1387 1682 1469 1747; x_wconf 89' lang='lat' dir='ltr'><strong>ad</strong></span> <span class='ocrx_word' id='word_1_98' title='bbox 1523 1704 1745 1748; x_wconf 86' lang='lat' dir='ltr'><strong>omnes</strong></span> <span class='ocrx_word' id='word_1_99' title='bbox 1790 1704 1891 1747; x_wconf 91' lang='lat' dir='ltr'><strong>res</strong></span> <span class='ocrx_word' id='word_1_100' title='bbox 1937 1684 2039 1745; x_wconf 84' lang='lat' dir='ltr'><strong>via</strong></span> <span class='ocrx_word' id='word_1_101' title='bbox 2085 1703 2161 1745; x_wconf 88' lang='lat' dir='ltr'><strong>ac</strong></span> <span class='ocrx_word' id='word_1_102' title='bbox 2204 1682 2455 1745; x_wconf 85' lang='lat' dir='ltr'><strong>ratione</strong></span> <span class='ocrx_word' id='word_1_103' title='bbox 2499 1698 2794 1763; x_wconf 87' lang='lat' dir='ltr'><strong>compro-</strong></span> 
     </span>
     <span class='ocr_line' id='line_1_15' title="bbox 585 1783 2795 1872; baseline -0.003 -19"><span class='ocrx_word' id='word_1_104' title='bbox 585 1786 829 1853; x_wconf 86' lang='lat' dir='ltr'><strong>bandas</strong></span> <span class='ocrx_word' id='word_1_105' title='bbox 864 1786 1301 1864; x_wconf 86' lang='lat' dir='ltr'><strong>adhibeantur,</strong></span> <span class='ocrx_word' id='word_1_106' title='bbox 1342 1808 1465 1851; x_wconf 92' lang='lat' dir='ltr'><strong>nec</strong></span> <span class='ocrx_word' id='word_1_107' title='bbox 1498 1798 1709 1850; x_wconf 87' lang='lat' dir='ltr'><strong>tamen</strong></span> <span class='ocrx_word' id='word_1_108' title='bbox 1745 1785 1826 1850; x_wconf 92' lang='lat' dir='ltr'><strong>ad</strong></span> <span class='ocrx_word' id='word_1_109' title='bbox 1862 1783 2036 1849; x_wconf 91' lang='lat' dir='ltr'><strong>aliud</strong></span> <span class='ocrx_word' id='word_1_110' title='bbox 2069 1805 2273 1872; x_wconf 81' lang='lat' dir='ltr'><strong>genus</strong></span> <span class='ocrx_word' id='word_1_111' title='bbox 2308 1785 2558 1869; x_wconf 81' lang='lat' dir='ltr'><strong>possint</strong></span> <span class='ocrx_word' id='word_1_112' title='bbox 2590 1794 2795 1847; x_wconf 88' lang='lat' dir='ltr'><strong>trans-</strong></span> 
     </span>
     <span class='ocr_line' id='line_1_16' title="bbox 585 1884 2792 1976; baseline -0.003 -21"><span class='ocrx_word' id='word_1_113' title='bbox 585 1890 755 1968; x_wconf 81' lang='lat' dir='ltr'><strong>ferri,</strong></span> <span class='ocrx_word' id='word_1_114' title='bbox 803 1913 986 1976; x_wconf 89' lang='lat' dir='ltr'><strong>quam</strong></span> <span class='ocrx_word' id='word_1_115' title='bbox 1026 1893 1095 1954; x_wconf 92' lang='lat' dir='ltr'><strong>in</strong></span> <span class='ocrx_word' id='word_1_116' title='bbox 1132 1910 1260 1975; x_wconf 89' lang='lat' dir='ltr'><strong>quo</strong></span> <span class='ocrx_word' id='word_1_117' title='bbox 1303 1892 1436 1975; x_wconf 89' lang='lat' dir='ltr'><strong>ipsa</strong></span> <span class='ocrx_word' id='word_1_118' title='bbox 1474 1893 1688 1968; x_wconf 83' lang='lat' dir='ltr'><strong>insint,</strong></span> <span class='ocrx_word' id='word_1_119' title='bbox 1734 1889 1812 1954; x_wconf 86' lang='lat' dir='ltr'><strong>cf.</strong></span> <span class='ocrx_word' id='word_1_120' title='bbox 1845 1889 1964 1953; x_wconf 88' lang='lat' dir='ltr'><strong>An.</strong></span> <span class='ocrx_word' id='word_1_121' title='bbox 1996 1898 2162 1974; x_wconf 88' lang='lat' dir='ltr'><strong>post.</strong></span> <span class='ocrx_word' id='word_1_122' title='bbox 2195 1889 2222 1952; x_wconf 91' lang='lat'>1</span> <span class='ocrx_word' id='word_1_123' title='bbox 2252 1889 2314 1951; x_wconf 89' lang='grc'><strong>9.</strong></span> <span class='ocrx_word' id='word_1_124' title='bbox 2352 1890 2475 1952; x_wconf 69' lang='lat'><strong>76⁶</strong></span> <span class='ocrx_word' id='word_1_125' title='bbox 2498 1888 2604 1965; x_wconf 88' lang='grc'><strong>22,</strong></span> <span class='ocrx_word' id='word_1_126' title='bbox 2641 1884 2792 1950; x_wconf 88' lang='lat' dir='ltr'><strong>inde</strong></span> 
     </span>
     <span class='ocr_line' id='line_1_17' title="bbox 583 1989 2792 2072; baseline -0.002 -15"><span class='ocrx_word' id='word_1_127' title='bbox 583 1994 842 2060; x_wconf 79' lang='lat' dir='ltr'><strong>videtur</strong></span> <span class='ocrx_word' id='word_1_128' title='bbox 897 1992 1094 2072; x_wconf 83' lang='lat' dir='ltr'><strong>effici,</strong></span> <span class='ocrx_word' id='word_1_129' title='bbox 1150 1995 1428 2058; x_wconf 87' lang='lat' dir='ltr'><strong>omnium</strong></span> <span class='ocrx_word' id='word_1_130' title='bbox 1485 2014 1693 2057; x_wconf 90' lang='lat' dir='ltr'><strong>rerum</strong></span> <span class='ocrx_word' id='word_1_131' title='bbox 1752 1990 2382 2056; x_wconf 85' lang='lat' dir='ltr'><strong>demonstrandarmn</strong></span> <span class='ocrx_word' id='word_1_132' title='bbox 2435 1989 2602 2055; x_wconf 89' lang='lat' dir='ltr'><strong>idem</strong></span> <span class='ocrx_word' id='word_1_133' title='bbox 2652 2009 2792 2053; x_wconf 86' lang='lat' dir='ltr'><strong>esse</strong></span> 
     </span>
     <span class='ocr_line' id='line_1_18' title="bbox 586 2093 2793 2186; baseline -0.004 -23"><span class='ocrx_word' id='word_1_134' title='bbox 586 2120 810 2186; x_wconf 82' lang='lat' dir='ltr'><strong>genus.</strong></span> <span class='ocrx_word' id='word_1_135' title='bbox 878 2095 1059 2161; x_wconf 86' lang='lat' dir='ltr'><strong>Solvi</strong></span> <span class='ocrx_word' id='word_1_136' title='bbox 1098 2116 1291 2181; x_wconf 88' lang='lat' dir='ltr'><strong>posse</strong></span> <span class='ocrx_word' id='word_1_137' title='bbox 1330 2099 1517 2160; x_wconf 88' lang='lat' dir='ltr'><strong>etiam</strong></span> <span class='ocrx_word' id='word_1_138' title='bbox 1552 2097 1717 2160; x_wconf 89' lang='lat' dir='ltr'><strong>banc</strong></span> <span class='ocrx_word' id='word_1_139' title='bbox 1745 2094 2183 2159; x_wconf 76' lang='lat' dir='ltr'><strong>difficultatem</strong></span> <span class='ocrx_word' id='word_1_140' title='bbox 2215 2093 2622 2159; x_wconf 83' lang='lat' dir='ltr'><strong>distinctione</strong></span> <span class='ocrx_word' id='word_1_141' title='bbox 2654 2093 2793 2156; x_wconf 86' lang='lat' dir='ltr'><strong>Ari-</strong></span> 
     </span>
     <span class='ocr_line' id='line_1_19' title="bbox 586 2190 2795 2288; baseline -0.004 -21"><span class='ocrx_word' id='word_1_142' title='bbox 586 2200 880 2267; x_wconf 77' lang='lat' dir='ltr'><strong>stoteliea</strong></span> <span class='ocrx_word' id='word_1_143' title='bbox 922 2200 1042 2264; x_wconf 86' lang='grc' dir='ltr'><strong>τοῦ</strong></span> <span class='ocrx_word' id='word_1_144' title='bbox 1086 2192 1276 2274; x_wconf 83' lang='grc' dir='ltr'><strong><em>ὄντος</em></strong></span> <span class='ocrx_word' id='word_1_145' title='bbox 1319 2197 1543 2275; x_wconf 81' lang='grc' dir='ltr'><strong><em>ἁπλῶς</em></strong></span> <span class='ocrx_word' id='word_1_146' title='bbox 1587 2190 1627 2288; x_wconf 80' lang='grc' dir='ltr'><strong><em>ᾖ</em></strong></span> <span class='ocrx_word' id='word_1_147' title='bbox 1672 2192 1750 2263; x_wconf 83' lang='grc' dir='ltr'><strong><em>ὅν</em></strong></span> <span class='ocrx_word' id='word_1_148' title='bbox 1795 2210 1861 2262; x_wconf 89' lang='lat' dir='ltr'><strong>et</strong></span> <span class='ocrx_word' id='word_1_149' title='bbox 1902 2199 2031 2263; x_wconf 78' lang='grc' dir='ltr'><strong><em>τῶν</em></strong></span> <span class='ocrx_word' id='word_1_150' title='bbox 2064 2200 2185 2264; x_wconf 84' lang='grc' dir='ltr'><strong>τοῦ</strong></span> <span class='ocrx_word' id='word_1_151' title='bbox 2222 2192 2415 2273; x_wconf 80' lang='grc' dir='ltr'><strong><em>ὄντος</em></strong></span> <span class='ocrx_word' id='word_1_152' title='bbox 2452 2195 2668 2283; x_wconf 71' lang='grc' dir='ltr'><strong><em>μερῶν</em></strong></span> <span class='ocrx_word' id='word_1_153' title='bbox 2705 2194 2795 2258; x_wconf 79' lang='lat' dir='ltr'><strong>fa-</strong></span> 
     </span>
     <span class='ocr_line' id='line_1_20' title="bbox 588 2297 2794 2390; baseline -0.003 -21"><span class='ocrx_word' id='word_1_154' title='bbox 588 2304 712 2369; x_wconf 90' lang='lat' dir='ltr'><strong>cile</strong></span> <span class='ocrx_word' id='word_1_155' title='bbox 743 2313 842 2368; x_wconf 88' lang='lat' dir='ltr'><strong>est</strong></span> <span class='ocrx_word' id='word_1_156' title='bbox 868 2301 1256 2390; x_wconf 58' lang='lat' dir='ltr'><strong>intellig-erm</strong></span> <span class='ocrx_word' id='word_1_157' title='bbox 1304 2302 1428 2366; x_wconf 88' lang='lat' dir='ltr'><strong>boc</strong></span> <span class='ocrx_word' id='word_1_158' title='bbox 1470 2301 1620 2366; x_wconf 90' lang='lat' dir='ltr'><strong>loco</strong></span> <span class='ocrx_word' id='word_1_159' title='bbox 1668 2305 1818 2366; x_wconf 89' lang='lat' dir='ltr'><strong>satis</strong></span> <span class='ocrx_word' id='word_1_160' title='bbox 1858 2300 2052 2366; x_wconf 80' lang='lat' dir='ltr'><strong>babet</strong></span> <span class='ocrx_word' id='word_1_161' title='bbox 2080 2303 2495 2388; x_wconf 76' lang='lat' dir='ltr'><strong>proposuisse</strong></span> <span class='ocrx_word' id='word_1_162' title='bbox 2523 2297 2794 2363; x_wconf 65' lang='lat' dir='ltr'><strong>difficul-</strong></span> 
     </span>
     <span class='ocr_line' id='line_1_21' title="bbox 587 2402 2799 2490; baseline -0.003 -18"><span class='ocrx_word' id='word_1_163' title='bbox 587 2416 801 2472; x_wconf 87' lang='lat' dir='ltr'><strong>tatem.</strong></span> <span class='ocrx_word' id='word_1_164' title='bbox 829 2441 916 2453; x_wconf 92' lang='lat'><strong>—-</strong></span> <span class='ocrx_word' id='word_1_165' title='bbox 961 2404 1373 2471; x_wconf 79' lang='lat' dir='ltr'><strong>conferenda</strong></span> <span class='ocrx_word' id='word_1_166' title='bbox 1416 2417 1570 2469; x_wconf 89' lang='lat' dir='ltr'><strong>sunt</strong></span> <span class='ocrx_word' id='word_1_167' title='bbox 1603 2427 1743 2470; x_wconf 88' lang='lat' dir='ltr'><strong>cum</strong></span> <span class='ocrx_word' id='word_1_168' title='bbox 1774 2405 1900 2468; x_wconf 89' lang='lat' dir='ltr'><strong>hoc</strong></span> <span class='ocrx_word' id='word_1_169' title='bbox 1929 2403 2078 2469; x_wconf 87' lang='lat' dir='ltr'><strong>loco</strong></span> <span class='ocrx_word' id='word_1_170' title='bbox 2113 2406 2230 2470; x_wconf 86' lang='lat' dir='ltr'><strong>An.</strong></span> <span class='ocrx_word' id='word_1_171' title='bbox 2260 2415 2428 2490; x_wconf 86' lang='lat' dir='ltr'><strong>post.</strong></span> <span class='ocrx_word' id='word_1_172' title='bbox 2460 2404 2487 2467; x_wconf 92' lang='lat'>1</span> <span class='ocrx_word' id='word_1_173' title='bbox 2529 2405 2567 2467; x_wconf 88' lang='lat'><em>7</em></span> <span class='ocrx_word' id='word_1_174' title='bbox 2588 2438 2668 2455; x_wconf 86' lang='lat'><strong>--</strong></span> <span class='ocrx_word' id='word_1_175' title='bbox 2690 2402 2799 2479; x_wconf 83' lang='lat'><strong>10,</strong></span> 
     </span>
     <span class='ocr_line' id='line_1_22' title="bbox 587 2502 2793 2598; baseline -0.004 -23"><span class='ocrx_word' id='word_1_176' title='bbox 587 2512 931 2598; x_wconf 88' lang='lat' dir='ltr'><strong>praecipue</strong></span> <span class='ocrx_word' id='word_1_177' title='bbox 976 2508 1005 2571; x_wconf 90' lang='lat'>1</span> <span class='ocrx_word' id='word_1_178' title='bbox 1053 2511 1112 2573; x_wconf 88' lang='grc'><strong>7.</strong></span> <span class='ocrx_word' id='word_1_179' title='bbox 1159 2512 1281 2574; x_wconf 67' lang='lat'><strong>75⁶</strong></span> <span class='ocrx_word' id='word_1_180' title='bbox 1315 2510 1430 2572; x_wconf 85' lang='lat'><strong>39:</strong></span> <span class='ocrx_word' id='word_1_181' title='bbox 1475 2510 1627 2594; x_wconf 84' lang='grc' dir='ltr'><strong><em>τρία</em></strong></span> <span class='ocrx_word' id='word_1_182' title='bbox 1671 2502 1799 2596; x_wconf 75' lang='grc' dir='ltr'><strong>γάρ</strong></span> <span class='ocrx_word' id='word_1_183' title='bbox 1846 2513 1985 2573; x_wconf 74' lang='grc' dir='ltr'><strong><em>ἐστι</em></strong></span> <span class='ocrx_word' id='word_1_184' title='bbox 2026 2505 2110 2572; x_wconf 75' lang='lat' dir='ltr'><strong>toi</strong></span> <span class='ocrx_word' id='word_1_185' title='bbox 2154 2512 2226 2573; x_wconf 78' lang='grc' dir='ltr'><strong><em>ἐν</em></strong></span> <span class='ocrx_word' id='word_1_186' title='bbox 2266 2515 2414 2583; x_wconf 77' lang='grc' dir='ltr'><strong><em>ταῖς</em></strong></span> <span class='ocrx_word' id='word_1_187' title='bbox 2457 2502 2793 2582; x_wconf 79' lang='grc' dir='ltr'><strong><em>ἀποδείξε-</em></strong></span> 
     </span>
     <span class='ocr_line' id='line_1_23' title="bbox 588 2602 2781 2697; baseline -0.005 -16"><span class='ocrx_word' id='word_1_188' title='bbox 588 2636 722 2693; x_wconf 68' lang='grc' dir='ltr'><strong><em>σιν,</em></strong></span> <span class='ocrx_word' id='word_1_189' title='bbox 778 2615 847 2678; x_wconf 76' lang='grc' dir='ltr'><strong><em>ἓν</em></strong></span> <span class='ocrx_word' id='word_1_190' title='bbox 902 2614 1022 2695; x_wconf 78' lang='grc' dir='ltr'><strong>μὲν</strong></span> <span class='ocrx_word' id='word_1_191' title='bbox 1079 2608 1157 2677; x_wconf 82' lang='grc' dir='ltr'><strong>τὸ</strong></span> <span class='ocrx_word' id='word_1_192' title='bbox 1213 2607 1763 2696; x_wconf 81' lang='grc' dir='ltr'><strong><em>ἀποδεικνύμενον</em></strong></span> <span class='ocrx_word' id='word_1_193' title='bbox 1818 2608 1896 2677; x_wconf 80' lang='grc' dir='ltr'><strong>τὸ</strong></span> <span class='ocrx_word' id='word_1_194' title='bbox 1955 2615 2424 2697; x_wconf 79' lang='grc' dir='ltr'><strong><em>συμπέρασμα·</em></strong></span> <span class='ocrx_word' id='word_1_195' title='bbox 2481 2611 2677 2674; x_wconf 83' lang='grc' dir='ltr'><strong><em>τοῦτο</em></strong></span> <span class='ocrx_word' id='word_1_196' title='bbox 2722 2602 2781 2672; x_wconf 82' lang='grc' dir='ltr'><strong>δ’</strong></span> 
     </span>
     <span class='ocr_line' id='line_1_24' title="bbox 589 2706 2792 2800; baseline -0.005 -17"><span class='ocrx_word' id='word_1_197' title='bbox 589 2720 730 2782; x_wconf 72' lang='grc' dir='ltr'><strong><em>ἐστὶ</em></strong></span> <span class='ocrx_word' id='word_1_198' title='bbox 769 2710 848 2780; x_wconf 81' lang='grc' dir='ltr'><strong>τὸ</strong></span> <span class='ocrx_word' id='word_1_199' title='bbox 893 2709 1190 2800; x_wconf 82' lang='grc' dir='ltr'><strong><em>ὑπάρχον</em></strong></span> <span class='ocrx_word' id='word_1_200' title='bbox 1232 2719 1402 2797; x_wconf 77' lang='grc' dir='ltr'><strong><em>γένει</em></strong></span> <span class='ocrx_word' id='word_1_201' title='bbox 1445 2717 1574 2781; x_wconf 84' lang='grc' dir='ltr'><strong><em>τινὶ</em></strong></span> <span class='ocrx_word' id='word_1_202' title='bbox 1617 2711 1783 2780; x_wconf 71' lang='grc' dir='ltr'><strong><em>καθ’</em></strong></span> <span class='ocrx_word' id='word_1_203' title='bbox 1821 2711 2004 2780; x_wconf 83' lang='grc' dir='ltr'><strong><em>αὑτό.</em></strong></span> <span class='ocrx_word' id='word_1_204' title='bbox 2072 2716 2140 2780; x_wconf 72' lang='grc' dir='ltr'><strong><em>ἓν</em></strong></span> <span class='ocrx_word' id='word_1_205' title='bbox 2186 2714 2255 2779; x_wconf 78' lang='grc' dir='ltr'><strong>δὲ</strong></span> <span class='ocrx_word' id='word_1_206' title='bbox 2290 2708 2376 2778; x_wconf 84' lang='grc' dir='ltr'><strong><em>τά</em></strong></span> <span class='ocrx_word' id='word_1_207' title='bbox 2415 2706 2792 2796; x_wconf 78' lang='grc' dir='ltr'><strong><em>ἀξιώματα·</em></strong></span> 
     </span>
     <span class='ocr_line' id='line_1_25' title="bbox 588 2807 2792 2905; baseline -0.003 -20"><span class='ocrx_word' id='word_1_208' title='bbox 588 2816 932 2905; x_wconf 77' lang='grc' dir='ltr'><strong><em>ἀξιώματα</em></strong></span> <span class='ocrx_word' id='word_1_209' title='bbox 977 2814 1036 2882; x_wconf 80' lang='grc' dir='ltr'><strong>δ’</strong></span> <span class='ocrx_word' id='word_1_210' title='bbox 1074 2819 1253 2883; x_wconf 71' lang='grc' dir='ltr'><strong><em>ἐστὶν</em></strong></span> <span class='ocrx_word' id='word_1_211' title='bbox 1295 2814 1365 2897; x_wconf 81' lang='grc' dir='ltr'><strong>ἐξ</strong></span> <span class='ocrx_word' id='word_1_212' title='bbox 1408 2807 1519 2884; x_wconf 82' lang='grc' dir='ltr'><strong>ὧν.</strong></span> <span class='ocrx_word' id='word_1_213' title='bbox 1600 2821 1825 2902; x_wconf 87' lang='grc' dir='ltr'><strong><em>τρίτον</em></strong></span> <span class='ocrx_word' id='word_1_214' title='bbox 1876 2813 1951 2883; x_wconf 83' lang='grc' dir='ltr'><strong>τὸ</strong></span> <span class='ocrx_word' id='word_1_215' title='bbox 1997 2822 2184 2902; x_wconf 75' lang='grc' dir='ltr'><strong><em>γένος</em></strong></span> <span class='ocrx_word' id='word_1_216' title='bbox 2226 2811 2304 2882; x_wconf 85' lang='grc' dir='ltr'><strong>τὸ</strong></span> <span class='ocrx_word' id='word_1_217' title='bbox 2348 2813 2792 2901; x_wconf 77' lang='grc' dir='ltr'><strong><em>ὑποκείμενον,</em></strong></span> 
     </span>
     <span class='ocr_line' id='line_1_26' title="bbox 590 2911 2793 3005; baseline -0.004 -17"><span class='ocrx_word' id='word_1_218' title='bbox 590 2913 673 2988; x_wconf 78' lang='grc' dir='ltr'><strong>οὗ</strong></span> <span class='ocrx_word' id='word_1_219' title='bbox 713 2917 796 2987; x_wconf 84' lang='grc' dir='ltr'><strong><em>τά</em></strong></span> <span class='ocrx_word' id='word_1_220' title='bbox 839 2916 1037 2999; x_wconf 73' lang='grc' dir='ltr'><strong><em>πάθη</em></strong></span> <span class='ocrx_word' id='word_1_221' title='bbox 1079 2923 1191 2986; x_wconf 85' lang='grc' dir='ltr'><strong><em>καὶ</em></strong></span> <span class='ocrx_word' id='word_1_222' title='bbox 1235 2915 1320 2986; x_wconf 88' lang='grc' dir='ltr'><strong><em>τά</em></strong></span> <span class='ocrx_word' id='word_1_223' title='bbox 1364 2917 1532 2985; x_wconf 76' lang='grc' dir='ltr'><strong><em>καθ’</em></strong></span> <span class='ocrx_word' id='word_1_224' title='bbox 1572 2916 1742 2987; x_wconf 80' lang='grc' dir='ltr'><strong><em>αὐτὰ</em></strong></span> <span class='ocrx_word' id='word_1_225' title='bbox 1788 2917 2249 3005; x_wconf 79' lang='grc' dir='ltr'><strong><em>συμβεβηκότα</em></strong></span> <span class='ocrx_word' id='word_1_226' title='bbox 2292 2920 2483 2999; x_wconf 83' lang='grc' dir='ltr'><strong><em>δηλοῖ</em></strong></span> <span class='ocrx_word' id='word_1_227' title='bbox 2532 2914 2576 2997; x_wconf 82' lang='grc' dir='ltr'><em>ἡ</em></span> <span class='ocrx_word' id='word_1_228' title='bbox 2624 2911 2793 2981; x_wconf 85' lang='grc' dir='ltr'><strong><em>ἀπό·</em></strong></span> 
     </span>
     <span class='ocr_line' id='line_1_27' title="bbox 590 3017 2794 3109; baseline -0.003 -18"><span class='ocrx_word' id='word_1_229' title='bbox 590 3024 802 3104; x_wconf 77' lang='grc' dir='ltr'><strong><em>ὃειξις.</em></strong></span> <span class='ocrx_word' id='word_1_230' title='bbox 881 3025 912 3089; x_wconf 92' lang='lat'><em>1</em></span> <span class='ocrx_word' id='word_1_231' title='bbox 956 3027 1059 3090; x_wconf 83' lang='grc'><strong>10.</strong></span> <span class='ocrx_word' id='word_1_232' title='bbox 1104 3027 1218 3089; x_wconf 68' lang='lat'><strong>761³</strong></span> <span class='ocrx_word' id='word_1_233' title='bbox 1258 3028 1367 3090; x_wconf 87' lang='lat' dir='ltr'><strong>ll:</strong></span> <span class='ocrx_word' id='word_1_234' title='bbox 1412 3026 1602 3089; x_wconf 82' lang='grc' dir='ltr'><strong><em>πᾶσα</em></strong></span> <span class='ocrx_word' id='word_1_235' title='bbox 1644 3018 1774 3109; x_wconf 73' lang='grc' dir='ltr'><strong>γὰρ</strong></span> <span class='ocrx_word' id='word_1_236' title='bbox 1816 3017 2231 3104; x_wconf 78' lang='grc' dir='ltr'><strong><em>ἀποδεικτικὴ</em></strong></span> <span class='ocrx_word' id='word_1_237' title='bbox 2276 3019 2599 3107; x_wconf 73' lang='grc' dir='ltr'><strong><em>ἐπιστήμη</em></strong></span> <span class='ocrx_word' id='word_1_238' title='bbox 2645 3021 2794 3104; x_wconf 83' lang='grc' dir='ltr'><strong><em>περὶ</em></strong></span> 
     </span>
     <span class='ocr_line' id='line_1_28' title="bbox 588 3122 2792 3209; baseline -0.001 -16"><span class='ocrx_word' id='word_1_239' title='bbox 588 3131 743 3209; x_wconf 87' lang='grc' dir='ltr'><strong><em>τρία</em></strong></span> <span class='ocrx_word' id='word_1_240' title='bbox 787 3129 992 3206; x_wconf 77' lang='grc' dir='ltr'><strong><em>ἐστίν,</em></strong></span> <span class='ocrx_word' id='word_1_241' title='bbox 1052 3122 1183 3193; x_wconf 84' lang='grc' dir='ltr'><strong><em>ὅσα</em></strong></span> <span class='ocrx_word' id='word_1_242' title='bbox 1236 3149 1307 3193; x_wconf 82' lang='grc' dir='ltr'><strong><em>τε</em></strong></span> <span class='ocrx_word' id='word_1_243' title='bbox 1364 3124 1530 3192; x_wconf 84' lang='grc' dir='ltr'><strong><em>εἶναι</em></strong></span> <span class='ocrx_word' id='word_1_244' title='bbox 1580 3127 1848 3191; x_wconf 74' lang='grc' dir='ltr'><strong><em>τίθεται</em></strong></span> <span class='ocrx_word' id='word_1_245' title='bbox 1890 3128 2141 3205; x_wconf 80' lang='grc' dir='ltr'><strong><em>(ταῦτα</em></strong></span> <span class='ocrx_word' id='word_1_246' title='bbox 2186 3124 2244 3193; x_wconf 85' lang='grc' dir='ltr'><strong>δ’</strong></span> <span class='ocrx_word' id='word_1_247' title='bbox 2285 3128 2421 3193; x_wconf 75' lang='grc' dir='ltr'><strong><em>ἐστὶ</em></strong></span> <span class='ocrx_word' id='word_1_248' title='bbox 2466 3123 2542 3192; x_wconf 84' lang='grc' dir='ltr'><strong>τὸ</strong></span> <span class='ocrx_word' id='word_1_249' title='bbox 2587 3129 2792 3209; x_wconf 74' lang='grc' dir='ltr'><strong><em>γένος,</em></strong></span> 
     </span>
     <span class='ocr_line' id='line_1_29' title="bbox 591 3221 2795 3319; baseline -0.002 -24"><span class='ocrx_word' id='word_1_250' title='bbox 591 3221 673 3295; x_wconf 83' lang='grc' dir='ltr'><strong>οὗ</strong></span> <span class='ocrx_word' id='word_1_251' title='bbox 727 3232 858 3294; x_wconf 80' lang='grc' dir='ltr'><strong><em>τῶν</em></strong></span> <span class='ocrx_word' id='word_1_252' title='bbox 912 3226 1080 3294; x_wconf 80' lang='grc' dir='ltr'><strong><em>καθ’</em></strong></span> <span class='ocrx_word' id='word_1_253' title='bbox 1131 3224 1302 3296; x_wconf 80' lang='grc' dir='ltr'><strong><em>αὑτά</em></strong></span> <span class='ocrx_word' id='word_1_254' title='bbox 1357 3225 1789 3315; x_wconf 78' lang='grc' dir='ltr'><strong><em>παθημάτων</em></strong></span> <span class='ocrx_word' id='word_1_255' title='bbox 1846 3232 1989 3298; x_wconf 79' lang='grc' dir='ltr'><strong><em>ἐστὶ</em></strong></span> <span class='ocrx_word' id='word_1_256' title='bbox 2041 3226 2484 3319; x_wconf 75' lang='grc' dir='ltr'><strong><em>θεωρητική),</em></strong></span> <span class='ocrx_word' id='word_1_257' title='bbox 2539 3230 2653 3294; x_wconf 85' lang='grc' dir='ltr'><strong><em>καὶ</em></strong></span> <span class='ocrx_word' id='word_1_258' title='bbox 2706 3222 2795 3291; x_wconf 87' lang='grc' dir='ltr'><strong><em>τά</em></strong></span> 
     </span>
     <span class='ocr_line' id='line_1_30' title="bbox 589 3324 2794 3419; baseline 0 -22"><span class='ocrx_word' id='word_1_259' title='bbox 589 3330 780 3398; x_wconf 83' lang='grc' dir='ltr'><strong><em>κοινά</em></strong></span> <span class='ocrx_word' id='word_1_260' title='bbox 824 3328 1144 3417; x_wconf 79' lang='grc' dir='ltr'><strong><em>λεγόμενα</em></strong></span> <span class='ocrx_word' id='word_1_261' title='bbox 1187 3330 1559 3418; x_wconf 79' lang='grc' dir='ltr'><strong><em>ἀξιώματα,</em></strong></span> <span class='ocrx_word' id='word_1_262' title='bbox 1616 3331 1686 3413; x_wconf 79' lang='grc' dir='ltr'><strong>ἐξ</strong></span> <span class='ocrx_word' id='word_1_263' title='bbox 1729 3324 1822 3400; x_wconf 82' lang='grc' dir='ltr'><strong><em>ὦν</em></strong></span> <span class='ocrx_word' id='word_1_264' title='bbox 1864 3330 2136 3419; x_wconf 79' lang='grc' dir='ltr'><strong><em>πρώτων</em></strong></span> <span class='ocrx_word' id='word_1_265' title='bbox 2180 3332 2626 3410; x_wconf 84' lang='grc' dir='ltr'><strong><em>ἀποδείκνυσι,</em></strong></span> <span class='ocrx_word' id='word_1_266' title='bbox 2680 3331 2794 3397; x_wconf 83' lang='grc' dir='ltr'><strong><em>καὶ</em></strong></span> 
     </span>
     <span class='ocr_line' id='line_1_31' title="bbox 589 3427 2792 3522; baseline -0.001 -22"><span class='ocrx_word' id='word_1_267' title='bbox 589 3437 815 3520; x_wconf 84' lang='grc' dir='ltr'><strong><em>τρίτον</em></strong></span> <span class='ocrx_word' id='word_1_268' title='bbox 851 3429 936 3500; x_wconf 84' lang='grc' dir='ltr'><strong><em>τά</em></strong></span> <span class='ocrx_word' id='word_1_269' title='bbox 974 3433 1192 3515; x_wconf 74' lang='grc' dir='ltr'><strong><em>πάθη,</em></strong></span> <span class='ocrx_word' id='word_1_270' title='bbox 1236 3427 1326 3503; x_wconf 81' lang='grc' dir='ltr'><strong><em>ὧν</em></strong></span> <span class='ocrx_word' id='word_1_271' title='bbox 1366 3440 1431 3502; x_wconf 88' lang='grc' dir='ltr'><strong>τί</strong></span> <span class='ocrx_word' id='word_1_272' title='bbox 1465 3440 1771 3522; x_wconf 78' lang='grc' dir='ltr'><strong><em>σημαίνει</em></strong></span> <span class='ocrx_word' id='word_1_273' title='bbox 1807 3443 2081 3504; x_wconf 71' lang='grc' dir='ltr'><strong><em>ἕκαστον</em></strong></span> <span class='ocrx_word' id='word_1_274' title='bbox 2117 3433 2460 3522; x_wconf 82' lang='grc' dir='ltr'><strong><em>λαμβάνει.</em></strong></span> <span class='ocrx_word' id='word_1_275' title='bbox 2531 3436 2646 3501; x_wconf 72' lang='grc'><strong>766</strong></span> <span class='ocrx_word' id='word_1_276' title='bbox 2676 3435 2792 3499; x_wconf 78' lang='lat'><strong>21:</strong></span> 
     </span>
     <span class='ocr_line' id='line_1_32' title="bbox 531 3535 2795 3624; baseline -0 -22"><span class='ocrx_word' id='word_1_277' title='bbox 531 3547 546 3562; x_wconf 77' lang='lat'><strong><em>⁹</em></strong></span> <span class='ocrx_word' id='word_1_278' title='bbox 589 3540 744 3621; x_wconf 83' lang='grc' dir='ltr'><strong><em>τρία</em></strong></span> <span class='ocrx_word' id='word_1_279' title='bbox 788 3535 998 3604; x_wconf 77' lang='grc' dir='ltr'><strong><em>ταῦτά</em></strong></span> <span class='ocrx_word' id='word_1_280' title='bbox 1056 3545 1221 3619; x_wconf 75' lang='grc' dir='ltr'><strong><em>ἐστι,</em></strong></span> <span class='ocrx_word' id='word_1_281' title='bbox 1276 3542 1424 3624; x_wconf 86' lang='grc' dir='ltr'><strong><em>περὶ</em></strong></span> <span class='ocrx_word' id='word_1_282' title='bbox 1470 3536 1509 3606; x_wconf 86' lang='grc' dir='ltr'>ὅ</span> <span class='ocrx_word' id='word_1_283' title='bbox 1555 3564 1625 3606; x_wconf 85' lang='grc' dir='ltr'><strong><em>τε</em></strong></span> <span class='ocrx_word' id='word_1_284' title='bbox 1670 3542 1951 3607; x_wconf 82' lang='grc' dir='ltr'><strong><em>δείκνυσι</em></strong></span> <span class='ocrx_word' id='word_1_285' title='bbox 1994 3543 2111 3606; x_wconf 84' lang='grc' dir='ltr'><strong><em>καὶ</em></strong></span> <span class='ocrx_word' id='word_1_286' title='bbox 2153 3535 2200 3605; x_wconf 80' lang='grc' dir='ltr'><strong><em>ἀ</em></strong></span> <span class='ocrx_word' id='word_1_287' title='bbox 2244 3539 2527 3604; x_wconf 82' lang='grc' dir='ltr'><strong><em>δείκνυσι</em></strong></span> <span class='ocrx_word' id='word_1_288' title='bbox 2568 3540 2681 3603; x_wconf 80' lang='grc' dir='ltr'><strong><em>καὶ</em></strong></span> <span class='ocrx_word' id='word_1_289' title='bbox 2725 3535 2795 3617; x_wconf 75' lang='grc' dir='ltr'><strong>ἐξ</strong></span> 
     </span>
     <span class='ocr_line' id='line_1_33' title="bbox 592 3632 2796 3730; baseline 0 -24"><span class='ocrx_word' id='word_1_290' title='bbox 592 3632 701 3707; x_wconf 78' lang='grc' dir='ltr'><strong>ὧν.</strong></span> <span class='ocrx_word' id='word_1_291' title='bbox 768 3644 875 3708; x_wconf 89' lang='grc'><strong>32.</strong></span> <span class='ocrx_word' id='word_1_292' title='bbox 919 3644 1035 3708; x_wconf 75' lang='grc' dir='ltr'><strong>Θὸὁ</strong></span> <span class='ocrx_word' id='word_1_293' title='bbox 1071 3645 1178 3709; x_wconf 88' lang='grc'><strong>27.</strong></span> <span class='ocrx_word' id='word_1_294' title='bbox 1229 3681 1310 3695; x_wconf 87' lang='lat'><strong>—-</strong></span> <span class='ocrx_word' id='word_1_295' title='bbox 1370 3642 1675 3709; x_wconf 89' lang='lat' dir='ltr'><strong>Ceterum</strong></span> <span class='ocrx_word' id='word_1_296' title='bbox 1721 3645 2089 3730; x_wconf 79' lang='lat' dir='ltr'><strong>parenthesi</strong></span> <span class='ocrx_word' id='word_1_297' title='bbox 2135 3643 2362 3708; x_wconf 86' lang='lat' dir='ltr'><strong>inclusi</strong></span> <span class='ocrx_word' id='word_1_298' title='bbox 2406 3642 2602 3706; x_wconf 87' lang='lat' dir='ltr'><strong>verba</strong></span> <span class='ocrx_word' id='word_1_299' title='bbox 2645 3642 2796 3727; x_wconf 86' lang='grc' dir='ltr'><strong><em>περὶ</em></strong></span> 
     </span>
     <span class='ocr_line' id='line_1_34' title="bbox 590 3740 2796 3834; baseline 0 -25"><span class='ocrx_word' id='word_1_300' title='bbox 590 3740 858 3811; x_wconf 78' lang='grc' dir='ltr'><strong><em>πάντων</em></strong></span> <span class='ocrx_word' id='word_1_301' title='bbox 901 3772 960 3830; x_wconf 80' lang='lat' dir='ltr'><strong>y.</strong></span> <span class='ocrx_word' id='word_1_302' title='bbox 1008 3772 1073 3811; x_wconf 92' lang='grc' dir='ltr'><strong>α.</strong></span> <span class='ocrx_word' id='word_1_303' title='bbox 1119 3742 1452 3825; x_wconf 80' lang='grc' dir='ltr'><strong><em>ἀπόδειξιν</em></strong></span> <span class='ocrx_word' id='word_1_304' title='bbox 1497 3742 1680 3824; x_wconf 81' lang='grc' dir='ltr'><strong><em>εἶναι,</em></strong></span> <span class='ocrx_word' id='word_1_305' title='bbox 1726 3759 1978 3812; x_wconf 88' lang='lat' dir='ltr'><strong>secutus</strong></span> <span class='ocrx_word' id='word_1_306' title='bbox 2025 3750 2615 3834; x_wconf 87' lang='lat' dir='ltr'><strong>interpretationem</strong></span> <span class='ocrx_word' id='word_1_307' title='bbox 2649 3744 2796 3810; x_wconf 85' lang='lat' dir='ltr'><strong>Ale-</strong></span> 
     </span>
     <span class='ocr_line' id='line_1_35' title="bbox 591 3848 2794 3935; baseline 0 -23"><span class='ocrx_word' id='word_1_308' title='bbox 591 3848 844 3926; x_wconf 83' lang='lat' dir='ltr'><strong>xandri;</strong></span> <span class='ocrx_word' id='word_1_309' title='bbox 901 3853 1136 3915; x_wconf 89' lang='lat' dir='ltr'><strong>etenim</strong></span> <span class='ocrx_word' id='word_1_310' title='bbox 1195 3851 1351 3914; x_wconf 88' lang='lat' dir='ltr'><strong>baec</strong></span> <span class='ocrx_word' id='word_1_311' title='bbox 1403 3848 1603 3913; x_wconf 83' lang='lat' dir='ltr'><strong>verba</strong></span> <span class='ocrx_word' id='word_1_312' title='bbox 1661 3853 1848 3915; x_wconf 90' lang='lat' dir='ltr'><strong>unice</strong></span> <span class='ocrx_word' id='word_1_313' title='bbox 1895 3851 1973 3916; x_wconf 90' lang='lat' dir='ltr'><strong>ad</strong></span> <span class='ocrx_word' id='word_1_314' title='bbox 2021 3848 2364 3935; x_wconf 80' lang='grc' dir='ltr'><strong><em>ἀξιώματα</em></strong></span> <span class='ocrx_word' id='word_1_315' title='bbox 2408 3850 2794 3914; x_wconf 83' lang='lat' dir='ltr'><strong>referuntur:</strong></span> 
     </span>
     <span class='ocr_line' id='line_1_36' title="bbox 591 3950 2796 4040; baseline 0 -25"><span class='ocrx_word' id='word_1_316' title='bbox 591 3950 925 4016; x_wconf 86' lang='lat' dir='ltr'><strong>statuenda</strong></span> <span class='ocrx_word' id='word_1_317' title='bbox 974 3974 1115 4019; x_wconf 87' lang='lat' dir='ltr'><strong>esse</strong></span> <span class='ocrx_word' id='word_1_318' title='bbox 1161 3956 1499 4032; x_wconf 85' lang='lat' dir='ltr'><strong>axiomata,</strong></span> <span class='ocrx_word' id='word_1_319' title='bbox 1559 3956 1703 4038; x_wconf 91' lang='lat' dir='ltr'><strong>quia</strong></span> <span class='ocrx_word' id='word_1_320' title='bbox 1748 3975 1882 4018; x_wconf 85' lang='lat' dir='ltr'><strong>non</strong></span> <span class='ocrx_word' id='word_1_321' title='bbox 1926 3961 2131 4040; x_wconf 86' lang='lat' dir='ltr'><strong>possit</strong></span> <span class='ocrx_word' id='word_1_322' title='bbox 2174 3959 2452 4020; x_wconf 87' lang='lat' dir='ltr'><strong>omnium</strong></span> <span class='ocrx_word' id='word_1_323' title='bbox 2499 3974 2641 4018; x_wconf 88' lang='lat' dir='ltr'><strong>esse</strong></span> <span class='ocrx_word' id='word_1_324' title='bbox 2685 3951 2796 4016; x_wconf 89' lang='lat' dir='ltr'><strong>de-</strong></span> 
     </span>
     <span class='ocr_line' id='line_1_37' title="bbox 591 4056 2791 4144; baseline 0 -24"><span class='ocrx_word' id='word_1_325' title='bbox 591 4057 988 4133; x_wconf 79' lang='lat' dir='ltr'><strong>monstratiO,</strong></span> <span class='ocrx_word' id='word_1_326' title='bbox 1031 4056 1108 4120; x_wconf 82' lang='lat' dir='ltr'><strong>cf.</strong></span> <span class='ocrx_word' id='word_1_327' title='bbox 1144 4058 1264 4121; x_wconf 85' lang='lat' dir='ltr'><strong>An.</strong></span> <span class='ocrx_word' id='word_1_328' title='bbox 1306 4065 1474 4143; x_wconf 84' lang='lat' dir='ltr'><strong>post.</strong></span> <span class='ocrx_word' id='word_1_329' title='bbox 1507 4058 1539 4121; x_wconf 93' lang='lat'>1</span> <span class='ocrx_word' id='word_1_330' title='bbox 1581 4058 1643 4121; x_wconf 88' lang='lat'><strong>3.</strong></span> <span class='ocrx_word' id='word_1_331' title='bbox 1687 4060 1802 4122; x_wconf 71' lang='lat'><strong>721»</strong></span> <span class='ocrx_word' id='word_1_332' title='bbox 1833 4061 1874 4123; x_wconf 88' lang='lat'><strong>5</strong></span> <span class='ocrx_word' id='word_1_333' title='bbox 1911 4081 2041 4144; x_wconf 88' lang='lat' dir='ltr'><strong>sqq.</strong></span> <span class='ocrx_word' id='word_1_334' title='bbox 2089 4061 2170 4123; x_wconf 89' lang='grc'><strong>19</strong></span> <span class='ocrx_word' id='word_1_335' title='bbox 2200 4080 2337 4144; x_wconf 86' lang='lat' dir='ltr'><strong>sqq.</strong></span> <span class='ocrx_word' id='word_1_336' title='bbox 2401 4060 2502 4122; x_wconf 81' lang='lat'><strong>1⁰.</strong></span> <span class='ocrx_word' id='word_1_337' title='bbox 2542 4058 2662 4122; x_wconf 74' lang='lat'><strong>76·</strong></span> <span class='ocrx_word' id='word_1_338' title='bbox 2685 4056 2791 4120; x_wconf 78' lang='lat'><strong>31.</strong></span> 
     </span>
     <span class='ocr_line' id='line_1_38' title="bbox 596 4159 2794 4248; baseline 0 -25"><span class='ocrx_word' id='word_1_339' title='bbox 596 4161 698 4224; x_wconf 85' lang='lat'><strong>19.</strong></span> <span class='ocrx_word' id='word_1_340' title='bbox 742 4159 865 4222; x_wconf 72' lang='lat'><strong>820</strong></span> <span class='ocrx_word' id='word_1_341' title='bbox 906 4160 964 4224; x_wconf 87' lang='grc'><strong>7.</strong></span> <span class='ocrx_word' id='word_1_342' title='bbox 1024 4161 1131 4224; x_wconf 85' lang='grc'><strong>22.</strong></span> <span class='ocrx_word' id='word_1_343' title='bbox 1179 4162 1303 4224; x_wconf 68' lang='lat'><strong>84⁶</strong></span> <span class='ocrx_word' id='word_1_344' title='bbox 1340 4164 1444 4227; x_wconf 86' lang='lat'><strong>31.</strong></span> <span class='ocrx_word' id='word_1_345' title='bbox 1501 4162 1562 4226; x_wconf 92' lang='lat'><strong>11</strong></span> <span class='ocrx_word' id='word_1_346' title='bbox 1606 4163 1707 4227; x_wconf 88' lang='grc'><strong>19.</strong></span> <span class='ocrx_word' id='word_1_347' title='bbox 1752 4164 1868 4226; x_wconf 70' lang='lat'><strong>991³</strong></span> <span class='ocrx_word' id='word_1_348' title='bbox 1903 4164 1990 4226; x_wconf 88' lang='grc'><strong>22</strong></span> <span class='ocrx_word' id='word_1_349' title='bbox 2031 4183 2162 4248; x_wconf 86' lang='lat' dir='ltr'><strong>sqq.</strong></span> <span class='ocrx_word' id='word_1_350' title='bbox 2220 4162 2366 4232; x_wconf 85' lang='lat' dir='ltr'><strong>Eth.</strong></span> <span class='ocrx_word' id='word_1_351' title='bbox 2407 4162 2546 4225; x_wconf 86' lang='lat' dir='ltr'><strong>Nic.</strong></span> <span class='ocrx_word' id='word_1_352' title='bbox 2582 4160 2677 4224; x_wconf 86' lang='lat' dir='ltr'><strong>VI</strong></span> <span class='ocrx_word' id='word_1_353' title='bbox 2720 4161 2794 4236; x_wconf 86' lang='lat'><strong>6;</strong></span> 
     </span>
     <span class='ocr_line' id='line_1_39' title="bbox 593 4259 2796 4351; baseline 0 -25"><span class='ocrx_word' id='word_1_354' title='bbox 593 4264 1041 4327; x_wconf 87' lang='lat' dir='ltr'><strong>enunciatione</strong></span> <span class='ocrx_word' id='word_1_355' title='bbox 1086 4271 1295 4327; x_wconf 86' lang='lat' dir='ltr'><strong>autem</strong></span> <span class='ocrx_word' id='word_1_356' title='bbox 1343 4285 1447 4344; x_wconf 89' lang='lat' dir='ltr'><strong>ea,</strong></span> <span class='ocrx_word' id='word_1_357' title='bbox 1501 4286 1664 4351; x_wconf 89' lang='lat' dir='ltr'><strong>quae</strong></span> <span class='ocrx_word' id='word_1_358' title='bbox 1709 4265 1790 4329; x_wconf 88' lang='lat' dir='ltr'><strong>ab</strong></span> <span class='ocrx_word' id='word_1_359' title='bbox 1837 4260 2092 4348; x_wconf 75' lang='grc' dir='ltr'><strong><em>ἀνάγκη</em></strong></span> <span class='ocrx_word' id='word_1_360' title='bbox 2136 4259 2265 4351; x_wconf 77' lang='grc' dir='ltr'><strong>γάρ</strong></span> <span class='ocrx_word' id='word_1_361' title='bbox 2312 4264 2584 4343; x_wconf 91' lang='lat' dir='ltr'><strong>orditur,</strong></span> <span class='ocrx_word' id='word_1_362' title='bbox 2644 4282 2796 4328; x_wconf 87' lang='lat' dir='ltr'><strong>con-</strong></span> 
     </span>
     <span class='ocr_line' id='line_1_40' title="bbox 591 4365 2796 4455; baseline 0.001 -25"><span class='ocrx_word' id='word_1_363' title='bbox 591 4365 923 4431; x_wconf 90' lang='lat' dir='ltr'><strong>firmantur</strong></span> <span class='ocrx_word' id='word_1_364' title='bbox 967 4370 1088 4431; x_wconf 87' lang='lat' dir='ltr'><strong>tria</strong></span> <span class='ocrx_word' id='word_1_365' title='bbox 1133 4365 1269 4448; x_wconf 84' lang='lat' dir='ltr'><strong>illa,</strong></span> <span class='ocrx_word' id='word_1_366' title='bbox 1328 4389 1486 4454; x_wconf 90' lang='lat' dir='ltr'><strong>quae</strong></span> <span class='ocrx_word' id='word_1_367' title='bbox 1530 4367 1613 4434; x_wconf 88' lang='lat' dir='ltr'><strong>ad</strong></span> <span class='ocrx_word' id='word_1_368' title='bbox 1659 4369 2002 4455; x_wconf 83' lang='lat' dir='ltr'><strong>quamlibet</strong></span> <span class='ocrx_word' id='word_1_369' title='bbox 2044 4369 2651 4434; x_wconf 83' lang='lat' dir='ltr'><strong>demonstrationem</strong></span> <span class='ocrx_word' id='word_1_370' title='bbox 2697 4388 2796 4432; x_wconf 88' lang='lat' dir='ltr'><strong>re·</strong></span> 
     </span>
    </p>
   </div>
   <div class='ocr_carea' id='block_1_4' title="bbox 594 4471 2647 4560">
    <p class='ocr_par' dir='ltr' id='par_1_4' title="bbox 594 4471 2647 4560">
     <span class='ocr_line' id='line_1_41' title="bbox 594 4471 2647 4560; baseline 0.002 -25"><span class='ocrx_word' id='word_1_371' title='bbox 594 4473 757 4556; x_wconf 89' lang='lat' dir='ltr'><strong>quiri</strong></span> <span class='ocrx_word' id='word_1_372' title='bbox 802 4481 987 4538; x_wconf 89' lang='lat' dir='ltr'><strong>antea</strong></span> <span class='ocrx_word' id='word_1_373' title='bbox 1034 4471 1207 4538; x_wconf 85' lang='lat' dir='ltr'><strong>dixit.</strong></span> <span class='ocrx_word' id='word_1_374' title='bbox 1258 4512 1336 4527; x_wconf 89' lang='lat'><em>-</em></span> <span class='ocrx_word' id='word_1_375' title='bbox 1381 4475 1474 4539; x_wconf 71' lang='grc' dir='ltr'><strong>αὖ</strong></span> <span class='ocrx_word' id='word_1_376' title='bbox 1515 4476 1826 4560; x_wconf 78' lang='grc' dir='ltr'><strong><em>τέχναι,</em></strong></span> <span class='ocrx_word' id='word_1_377' title='bbox 1871 4473 1950 4540; x_wconf 88' lang='lat' dir='ltr'><strong>cf.</strong></span> <span class='ocrx_word' id='word_1_378' title='bbox 1998 4472 2078 4537; x_wconf 89' lang='lat' dir='ltr'><strong>ad</strong></span> <span class='ocrx_word' id='word_1_379' title='bbox 2124 4472 2196 4538; x_wconf 87' lang='lat' dir='ltr'><em>A</em></span> <span class='ocrx_word' id='word_1_380' title='bbox 2242 4476 2301 4538; x_wconf 91' lang='lat'><strong>1.</strong></span> <span class='ocrx_word' id='word_1_381' title='bbox 2343 4474 2507 4540; x_wconf 73' lang='lat'>9811·</span> <span class='ocrx_word' id='word_1_382' title='bbox 2542 4473 2647 4539; x_wconf 78' lang='lat'><strong>24.</strong></span> 
     </span>
    </p>
   </div>
  </div>
 </body>
</html>
