3109 5175
1145 393 1254 464 M
1298 388 1360 461 1.
1445 387 1712 464 107601.
2006 423 2015 432 ·
2384 387 2527 463 527

325 564 556 632 librum
599 566 661 631 11
706 566 896 652 Phys.
956 586 1097 630 cum
1157 564 1338 631 Alex.
1396 567 1749 651 putaverim
1806 537 2063 651 respici,
2120 562 2235 629 sed
2291 568 2528 651 praeci-

323 692 455 755 pue
516 682 849 735 extremam
901 670 1318 755 physicorum
1374 680 1647 755 partem,
1704 690 1865 754 quae
1923 678 2019 732 est
2075 666 2157 732 de
2213 671 2526 755 principio

327 783 472 838 actu
519 782 833 838 movente.
909 774 1072 859 Ipsis
1118 773 1325 838 verbis
1367 775 1476 837 Ar.
1522 774 1682 837 haec
1722 774 2163 858 interpretatio
2211 775 2529 856 aptissima

326 876 596 954 videtur,
641 879 940 962 quoniam
977 879 1297 941 nominata
1343 879 1421 965 τῇ
1465 872 1742 957 μεθόδῳ
1785 877 1916 939 τῶν
1959 877 2251 962 φυσικῶν
2294 875 2528 960 simpli·

326 983 482 1044 citer
531 979 739 1044 addit:
791 976 1067 1064 ὕστερον
1113 982 1200 1045 δέ.
1249 1016 1332 1027 -
1376 982 1512 1044 a15
1557 965 1725 1043 καθ’
1763 976 1949 1063 ἡμῶν
1994 978 2529 1064 δυσχεραίνωμεν,

325 1083 404 1147 cf.
440 1085 507 1148 A
532 1086 595 1149 3.
627 1086 796 1149 984⁶
821 1086 926 1149 29.
953 1121 1034 1134 -
1070 1086 1206 1148 016
1244 1078 1361 1148 δύο
1399 1079 1458 1147 δ’
1489 1085 1613 1147 εἰσὶ
1650 1077 1840 1161 δόξαι
1873 1082 2005 1145 κτλ.
2071 1080 2280 1165 Quam
2312 1085 2528 1167 priore

325 1185 473 1252 loco
520 1191 722 1272 ponit,
771 1210 843 1252 ea
888 1187 1443 1275 Pythagoreorum
1491 1199 1604 1264 est,
1650 1186 1729 1250 cf.
1771 1184 1851 1250 ad
1883 1186 1944 1248 Z
1969 1186 2029 1249 2.
2066 1186 2269 1250 1028ὁ
2296 1188 2398 1263 15,
2441 1184 2531 1248 al·

325 1300 458 1355 tera
490 1291 798 1356 Platonis.
862 1293 967 1356 De
1007 1291 1263 1378 reliquis
1305 1293 1519 1357 harum
1562 1292 2011 1356 sententiarum
2051 1287 2528 1372 discriminibus,

326 1396 675 1474 019—22‚
721 1396 799 1459 cf.
843 1395 921 1459 ad
963 1398 1023 1461 6.
1069 1398 1271 1460 108οὀ
1297 1399 1380 1461 21
1421 1420 1553 1483 sqq.

461 1501 670 1564 1076a
709 1501 796 1563 22
843 1503 1240 1564 σκεπτέον
1288 1539 1367 1552 -
1416 1504 1504 1565 32
1550 1504 1857 1586 σκέψις.
1947 1501 2123 1565 Haec
2174 1499 2405 1587 placita
2456 1511 2530 1567 ut

323 1604 426 1666 via
475 1613 538 1667 et
581 1605 831 1667 ratione
879 1606 1318 1683 examinemus,
1361 1608 1627 1690 primum
1665 1603 1746 1667 de
1780 1607 1919 1690 ipsa
1955 1606 2528 1670 mathematicarum

323 1728 530 1770 rerum
576 1717 800 1771 natura
848 1705 1297 1792 disputandum
1347 1718 1471 1786 est,
1530 1730 1583 1772 c.
1617 1710 1661 1772 2
1707 1719 1773 1772 et
1814 1709 1887 1787 3,
1948 1707 2179 1774 deinde
2224 1706 2306 1772 de
2350 1707 2527 1787 ideis,

323 1831 378 1873 c.
410 1813 449 1873 4
494 1819 560 1878 et
603 1813 661 1889 5,
709 1810 986 1896 denique
1031 1810 1459 1897 quaerendum
1505 1822 1714 1877 utrum
1759 1816 2001 1877 numeri
2049 1824 2115 1877 et
2155 1811 2341 1877 ideae
2385 1813 2529 1878 sub-

324 1916 593 1978 stantiae
641 1925 706 1978 et
748 1917 1059 2001 principia
1102 1938 1310 1981 rerum
1361 1920 1503 1980 sint.
1598 1915 1779 1979 Hanc
1835 1919 2082 1981 tertiam
2134 1919 2528 2000 quaestionis

322 2027 566 2102 partem
610 2022 1010 2103 persequitur
1056 2041 1108 2081 c.
1141 2020 1368 2084 6—9.
1404 2020 1613 2084 10860
1640 2020 1756 2094 21;
1814 2019 2055 2084 ideales
2101 2022 2266 2083 enim
2311 2040 2530 2084 nume-

323 2142 461 2198 ros,
519 2119 602 2185 de
649 2121 874 2206 quibus
919 2120 1053 2185 illic
1095 2120 1402 2209 disputat,
1445 2132 1699 2209 ponunt
1742 2143 1883 2187 esse
1933 2119 2166 2199 οὐσίας
2201 2117 2531 2210 χωριστὰς

321 2225 434 2288 καὶ
477 2223 610 2288 τῶν
654 2218 865 2290 ὄντων
908 2228 1125 2302 αὶτίας
1167 2221 1445 2311 πρώτας,
1492 2230 1552 2290 6.
1602 2227 1812 2292 108οα
1845 2229 1949 2293 14.

454 2328 589 2392 «127
637 2324 860 2404 ἁπλῶς
903 2327 1054 2414 quid
1113 2328 1433 2416 significet
1488 2334 1902 2418 cognoscitur
1960 2353 2034 2395 ex
2088 2330 2527 2414 superioribus
2650 2358 2681 2376 κ

320 2429 534 2496 verbis
569 2432 734 2496 023:
779 2431 1109 2516 μηδεμίαν
1148 2435 1638 2517 προστιθέντας
1672 2431 1872 2524 φύσιν
1906 2428 2117 2514 ἄλλην
2150 2435 2304 2511 κτλ.,
2348 2437 2528 2498 nimi·-

321 2556 459 2600 rnm
491 2537 927 2621 quaestionem
958 2534 1041 2600 de
1070 2539 1349 2602 numeris
1380 2547 1448 2602 et
1477 2536 1561 2603 de
1588 2542 1916 2626 principiis
1944 2560 2084 2604 cum
2114 2538 2232 2602 hac
2259 2536 2529 2603 deideis

322 2642 697 2723 quaestione
754 2639 1039 2704 nondum
1083 2640 1226 2704 vult
1269 2645 1592 2728 coniungi.
1643 2640 1722 2693 -“-
1767 2646 1898 2709 α27
1950 2638 2111 2708 ὅσον
2155 2636 2366 2725 νόμου
2400 2636 2528 2724 χά-

322 2763 444 2825 ριν.
520 2743 725 2805 Recte
754 2743 930 2807 Alex.
961 2765 1023 2827 p.
1051 2745 1194 2819 700,
1233 2746 1345 2807 13:
1390 2747 1528 2809 ἐπεὶ
1573 2741 1701 2829 γὰρ
1740 2741 1947 2829 νόμος
1984 2747 2095 2809 καὶ
2131 2745 2297 2819 ἔθος
2332 2745 2528 2821 ἐστίν,

319 2839 488 2909 ὅταν
544 2868 641 2920 τις
691 2847 842 2930 περί
897 2868 1093 2910 τινων
1151 2843 1636 2936 ἀποφαίνηται,
1695 2849 2204 2912 ἐπισκέπτεσθαι
2253 2848 2366 2910 καὶ
2407 2841 2529 2921 τὰς

321 2948 452 3011 τῶν
497 2940 715 3011 ἄλλων
750 2949 897 3033 περὶ
930 2951 1061 3014 τῶν
1094 2945 1407 3014 τοιούτων
1443 2944 1662 3027 δόξας,
1707 2953 1819 3015 ἴνα
1854 2948 1947 3033 μὴ
1986 2954 2300 3033 μένουσαι
2336 2946 2527 3026 ἀνεξ-

320 3053 583 3115 έταστοι
639 3044 1012 3135 ταράττουσι
1063 3047 1215 3129 τοὺς
1259 3048 1776 3136 ἐντυγχάνοντας
1815 3056 1950 3118 κτλ.
2042 3052 2366 3138 Quantum
2412 3054 2529 3139 igi-

321 3162 424 3216 tur
470 3175 543 3218 ex
589 3155 717 3217 hoc
760 3174 938 3219 more
984 3160 1406 3221 necessarium
1451 3160 1560 3235 sit,
1616 3178 1687 3221 se
1747 3160 2177 3244 expositurum
2235 3156 2319 3221 de
2363 3156 2527 3221 ideis

320 3258 427 3321 Ar.
475 3255 658 3337 dicit,
712 3279 855 3322 nam
909 3279 1122 3323 earnm
1168 3259 1618 3325 refutationem
1662 3266 1813 3326 satis
1859 3282 2176 3348 superque
2220 3262 2342 3324 iam
2388 3258 2527 3324 vnl-

319 3371 528 3445 gatam
578 3381 717 3423 esse
760 3362 870 3425 καὶ
915 3356 1043 3424 ὑπὸ
1086 3363 1217 3426 τῶν
1263 3359 1652 3448 ἐξωτερικῶν
1697 3361 1925 3448 λόγων.
2014 3364 2120 3427 De
2164 3363 2260 3426 his
2307 3358 2527 3444 λόγοις

321 3458 720 3547 ἐξωτερικοῖς
749 3463 826 3527 cf.
859 3463 1050 3527 Stahr
1082 3465 1342 3529 Aristot.
1380 3465 1457 3528 11.
1497 3488 1561 3550 p.
1589 3467 1981 3532 237-279.
2043 3466 2313 3529 Krische
2343 3464 2523 3529 Gott.

318 3584 383 3651 g.
419 3565 571 3627 Anz.
608 3566 799 3631 1834.
829 3589 891 3651 p.
919 3567 1111 3632 1894.

452 3667 722 3754 Reliqua
770 3672 990 3757 capitis
1029 3691 1194 3755 pars,
1232 3671 1584 3749 233-37,
1628 3673 1862 3736 rectius
1893 3692 2031 3735 cum
2063 3671 2354 3759 proximo
2385 3690 2522 3757 cap.
2582 3740 2583 3743 ,

318 3775 747 3862 coniungitur.

416 4058 488 4113 1.
565 4055 714 4115 ΒΕ
767 4053 1139 4113 BEBUS
1191 4054 2117 4128 ΜΑΤΠΕῙΙΙΑΤΙΦῚΒ,
2176 4067 2228 4109 c.
2261 4047 2320 4110 2.
2360 4046 2421 4110 3.

446 4191 636 4255 Duae
682 4194 1084 4257 excutiuntur
1129 4190 1214 4254 de
1257 4201 1480 4255 natura
1525 4212 1731 4256 rerum
1772 4192 2347 4258 mathematicamm
2384 4212 2525 4256 sen-

316 4295 575 4358 tentiae.
643 4297 895 4360 Etenim
935 4316 1036 4359 res
1073 4294 1542 4358 mathematicas
1580 4298 1686 4380 qui
1720 4295 2100 4360 substantias
2134 4318 2254 4382 per
2283 4317 2351 4358 se
2383 4315 2523 4359 esse

315 4405 600 4461 statuunt
638 4396 853 4486 (εἵπερ
893 4400 928 4464 ἕ
938 4419 1071 4463 στι
1112 4400 1264 4476 1232,
1306 4398 1381 4463 cf.
1414 4401 1476 4464 3.
1512 4400 1713 4465 1⁰77b
1736 4401 1851 4465 26:
1898 4395 2100 4488 φύσιν
2134 4395 2301 4462 εἶναι
2337 4394 2523 4484 ἀφω-

313 4502 681 4586 ρισμένην),
713 4523 818 4567 eas
851 4512 960 4568 aut
987 4504 1197 4566 inesse
1228 4512 1493 4566 censent
1522 4502 1713 4567 rebus
1745 4500 2149 4567 sensibilibus
2180 4510 2290 4565 aut
2317 4504 2523 4565 seiun-
