3109 5175
601 346 748 424 040
1443 353 1490 423 Ι
1525 350 1601 423 8:
1679 348 1950 424 105612.

602 525 890 591 tercedat
921 527 1190 592 invicem
1227 527 1394 593 ratio
1427 529 1691 613 exponit
1721 526 1885 593 facta
1923 524 2356 605 distinctivum
2392 525 2597 592 multa
2630 527 2805 593 enim

602 651 791 715 quum
850 629 1111 695 dicimus
1165 630 1270 696 vel
1323 652 1649 697 excessum
1705 628 2017 717 quendam
2075 629 2502 719 significamus
2553 632 2804 696 numeri

601 736 785 799 unius
831 739 1176 821 comparati
1213 758 1354 801 cum
1396 734 1618 813 altero,
1661 733 1766 801 vel
1796 737 2059 802 omnino
2089 757 2447 811 numerum;
2490 734 2600 801 illa
2629 737 2693 799 vi
2724 755 2808 799 ac

597 847 916 924 potestate
960 842 1013 903 si
1057 840 1220 905 hanc
1257 842 1584 905 notionem
1616 860 2007 926 murpamua,
2052 842 2355 926 opposita
2384 849 2532 905 sunt
2559 862 2804 924 pauca,
2892 826 2899 833 ⁸

598 941 720 1005 hac
763 944 818 1006 ai
864 942 1129 1007 eandem
1182 947 1521 1030 accipimus
1580 945 1748 1024 (⁵19
1792 936 1870 1007 τὸ
1915 943 1987 1008 δὲ
2028 939 2115 1019 ὡς
2156 937 2485 1030 ἀριθμός,
2540 946 2580 1007 i.
2618 964 2675 1007 e.
2721 934 2805 1008 τὸ

599 1045 671 1111 δὲ
704 1041 791 1121 ὡς
825 1041 1123 1131 ἀριθμὸς
1154 1043 1506 1132 λεγόμενον
1539 1042 1766 1126 πολύ),
1803 1049 2100 1134 opposita
2137 1056 2236 1113 est
2266 1050 2490 1112 unitae
2522 1058 2594 1112 ut
2627 1067 2807 1111 men-

599 1170 772 1225 surm
817 1162 1007 1236 atque
1049 1154 1188 1238 ipse
1232 1151 1512 1217 binarius
1556 1173 1873 1231 numerus,
1906 1152 2057 1228 1025,
2108 1149 2259 1217 lieet
2302 1160 2529 1235 suapte
2570 1161 2804 1215 natura

600 1255 888 1319 minimus
926 1257 1021 1332 ait,
1058 1265 1284 1333 tamen,
1317 1278 1507 1342 quum
1547 1258 1632 1320 ait
1662 1277 1979 1337 numerus,
2012 1252 2427 1321 multitudinis
2468 1256 2803 1319 notionem

600 1360 843 1443 recipit.
917 1359 1012 1423 Ita
1057 1362 1220 1427 enim
1265 1364 1651 1446 opponimus
1692 1360 1860 1425 inter
1901 1379 1970 1423 se
2015 1362 2317 1425 unitatem
2357 1368 2423 1423 et
2458 1356 2805 1424 multitudi-

601 1481 763 1540 nem,
810 1483 885 1525 ac
927 1464 982 1526 si
1018 1461 1296 1529 dicamus
1333 1484 1523 1529 unum
1563 1475 1629 1528 et
1661 1484 1804 1541 una,
1849 1461 2056 1529 album
2094 1473 2160 1528 et
2194 1460 2354 1539 alba,
2400 1460 2503 1526 vel
2534 1466 2803 1527 omnino

601 1556 688 1629 τὰ
721 1570 1174 1651 μεμετρημένα
1207 1560 1375 1653 πρὸς
1409 1558 1488 1632 τὸ
1527 1570 1770 1655 μέτρον
1800 1568 1914 1633 καὶ
1950 1559 2027 1633 τὸ
2064 1562 2405 1650 μετρητόν.
2467 1566 2623 1630 Non
2654 1587 2806 1652 poa-

601 1680 750 1735 suut
791 1671 856 1733 in
903 1669 1169 1738 eandem
1206 1673 1583 1737 sententiam
1624 1674 1789 1736 inter
1826 1692 1896 1735 se
1937 1672 2239 1758 coniungi
2284 1663 2362 1735 τὸ
2405 1674 2646 1755 μέτρον
2688 1671 2808 1737 καὶ

602 1765 679 1837 τὸ
722 1768 1064 1857 μετρητόν,
1110 1786 1181 1841 ut
1223 1785 1505 1841 nummat
1537 1773 1715 1841 Alex.
1762 1798 1825 1861 p.
1856 1775 2005 1853 603,
2048 1775 2118 1839 2.
2164 1766 2242 1838 τὸ
2288 1773 2356 1841 δὲ
2399 1779 2642 1859 μέτρον
2688 1774 2807 1840 καὶ

604 1869 680 1941 τὸ
724 1871 1048 1966 μετρητὸν
1089 1882 1159 1943 ὲκ
1200 1874 1631 1966 παραλλήλου
1671 1889 1907 1956 κεῖται,
1962 1877 2273 1964 siquidem
2331 1877 2449 1943 hac
2492 1881 2631 1963 ipsa
2676 1877 2805 1942 dia-

601 1985 936 2068 putatione
991 1991 1303 2068 tamquam
1368 1986 1669 2071 opposita
1723 1986 1890 2049 inter
1940 2003 2016 2047 ae
2073 1980 2539 2069 significantur3
2604 2002 2807 2067 quare

599 2089 724 2153 nisi
768 2089 1025 2177 gravius
1068 2087 1221 2173 quid
1265 2109 1303 2152 a
1347 2086 1621 2155 librariis
1664 2089 2061 2155 commissum
2094 2085 2470 2172 putabimus,
2515 2096 2809 2172 transpo-

603 2192 738 2254 sitis
777 2190 986 2255 verbis
1024 2190 1204 2257 locus
1240 2194 1363 2257 erit
1400 2191 1747 2257 sanandus:
1791 2182 1877 2255 τὰ
1917 2194 2371 2276 μεμετρημένα
2411 2191 2524 2257 καὶ
2566 2184 2646 2255 τὸ
2684 2213 2808 2275 με·

602 2286 845 2379 τρητὸν
885 2288 1051 2381 πρὸς
1092 2288 1170 2360 τὸ
1212 2297 1470 2382 μέτρον.

733 2396 1069 2485 Duplicem
1116 2397 1553 2465 difficultatem
1596 2403 1887 2465 intactam
1922 2397 2269 2465 lectoribus
2294 2395 2608 2482 relinquo,
2653 2400 2806 2483 quia

599 2524 794 2590 quum
837 2502 1034 2569 multa
1078 2506 1448 2569 tentaverim
1493 2525 1631 2569 non
1674 2502 1885 2569 habeo
1928 2502 2105 2590 quod
2150 2523 2272 2591 pro
2311 2511 2486 2566 certo
2518 2501 2802 2568 afferam.

603 2608 880 2673 Primum
937 2611 1044 2695 qui
1100 2611 1303 2694 possit
1358 2608 1738 2675 Aristoteles
1801 2619 2025 2695 putare
2082 2629 2226 2672 esse
2284 2605 2519 2693 aliquid
2577 2603 2805 2685 ἁπλῶς

603 2708 800 2791 πολύ,
858 2734 1044 2798 quum
1102 2712 1521 2780 multitudinis
1574 2716 1759 2778 notio
1803 2712 2180 2779 relationem
2225 2711 2538 2797 quandam
2583 2732 2807 2776 necea-

603 2819 771 2882 aario
815 2820 882 2882 in
927 2838 1000 2882 ee
1041 2821 1395 2895 contineat,
1440 2838 1575 2882 non
1620 2839 1952 2903 assequor,
1996 2816 2074 2882 ci'.
2113 2815 2193 2882 ad
2220 2819 2276 2882 A
2309 2816 2412 2880 13.
2442 2818 2655 2881 1020«
2679 2818 2802 2894 243

603 2939 726 2987 nec
770 2923 966 3012 magis
1011 2943 1085 2987 ea
1131 2920 1457 3010 intelligo,
1515 2943 1681 3008 quae
1726 2924 2143 3010 Anaxagorae
2190 2919 2413 2986 obiicit
2448 2922 2801 2987 b28—32.

603 3065 692 3077 —
734 3027 839 3091 De
882 3050 943 3092 v.
988 3022 1237 3105 ἀπέστη
1277 3028 1406 3091 ὺ28
1449 3026 1530 3090 cf.
1571 3027 1765 3112 Phys.
1799 3026 1831 3090 Ι
1868 3027 2127 3090 &191⁶
2158 3025 2265 3090 10.

739 3132 941 3196 1056ῠ
965 3131 1052 3196 32
1097 3127 1560 3195 ἀντίκειται
1602 3168 1691 3179 -
1734 3130 2051 3196 1057a17
2101 3130 2421 3212 μέτρον.
2496 3126 2801 3213 Exposita

607 3255 757 3298 vera
811 3246 1035 3300 natura
1094 3237 1227 3298 eiua
1283 3236 1740 3320 oppositionis,
1798 3254 1961 3320 quae
2001 3229 2354 3299 intercedat
2396 3232 2564 3295 inter
2604 3253 2802 3298 unum

605 3350 676 3403 et
715 3337 940 3417 multa,
985 3337 1093 3404 Ar.
1139 3351 1387 3418 monet,
1429 3338 1510 3405 ad
1560 3338 1735 3427 quod
1778 3359 1981 3426 genua
2025 3336 2351 3403 relationis
2397 3317 2556 3402 haec
2599 3355 2806 3422 oppo-

605 3445 751 3507 sitio
797 3441 1130 3508 referenda
1175 3448 1283 3523 sit,
1340 3451 1406 3509 et
1459 3444 1679 3509 affinia
1720 3440 2030 3529 quaedam
2074 3439 2381 3528 adiungit.
2432 3475 2512 3490 —-
2573 3439 2807 3525 Oppo-

603 3559 841 3614 παιήω-
884 3551 1103 3637 igitur,
1161 3552 1250 3613 ait
1294 3548 1641 3635 (particula
1686 3550 1849 3612 enim
1895 3541 1978 3624 δή
2024 3545 2149 3610 hoc
2192 3544 2689 3611 demonstratum
2739 3552 2805 3608 et

605 3674 977 3719 concessum
1014 3674 1155 3717 ease
1186 3661 1381 3729 notat,
1421 3652 1498 3715 cf.
1533 3652 1616 3718 ad
1646 3654 1709 3716 4.
1740 3652 1949 3716 1055ae
1973 3650 2119 3730 38),
2162 3671 2357 3716 unum
2398 3660 2464 3713 et
2499 3646 2694 3713 multa
2733 3657 2807 3713 ut

604 3778 896 3823 mensura
942 3769 1010 3822 et
1049 3765 1490 3835 mensuratum,
1533 3756 1695 3821 haec
1736 3765 1942 3821 autem
1987 3757 2053 3818 in
2100 3775 2180 3820 eo
2221 3764 2369 3820 aunt
2396 3751 2805 3818 relativarum

605 3884 812 3927 rerum
858 3883 1126 3949 genere,
1178 3881 1341 3948 quae
1384 3881 1519 3925 non
1564 3864 1631 3925 in
1675 3881 1789 3926 sua
1832 3863 2108 3945 ipsarum
2155 3867 2377 3924 natura
2422 3855 2805 3922 relationem

605 3966 869 4043 habent,
916 3965 1030 4031 sed
1075 3964 1328 4030 aliunde
1373 3964 1763 4043 adsciscunt,
1801 3965 1965 4042 ⁶34,
2015 3961 2097 4027 de
2142 3981 2269 4048 quo
2317 3961 2674 4027 discrimine
2720 3958 2803 4025 cf.

606 4069 689 4136 ad
718 4074 771 4136 A
802 4073 906 4136 15.
943 4072 1150 4134 loma
1176 4071 1280 4149 26,
1325 4089 1509 4155 quem
1553 4068 1635 4134 ad
1680 4068 1893 4134 locum
1929 4071 2068 4154 ipse
2101 4066 2482 4134 Aristoteles
2525 4064 2805 4132 lectores

607 4174 884 4264 delegat.
969 4174 1064 4238 Ea
1108 4184 1316 4239 autem
1359 4173 1651 4250 relativa,
1711 4193 1978 4260 quorum
2038 4175 2173 4259 ipsa
2229 4183 2453 4238 natura
2509 4181 2574 4234 et
2616 4174 2805 4235 notio

607 4278 1033 4345 substantialis
1088 4279 1158 4341 in
1217 4298 1295 4342 eo
1355 4282 1660 4358 cernitur,
1718 4277 1890 4363 quod
1952 4277 2034 4344 ad
2088 4276 2263 4344 alind
2320 4275 2476 4363 quid
2519 4274 2806 4340 referun-

610 4397 727 4462 tur,
764 4386 825 4449 h.
855 4383 897 4450 l.
932 4383 1053 4462 (cf.
1089 4384 1147 4447 7.
1182 4383 1390 4447 1057a
1415 4383 1543 4463 37)
1576 4404 1795 4467 parum
1830 4393 2122 4448 accurate
2154 4384 2423 4448 ἐναντία
2454 4377 2805 4467 appellavit

609 4487 724 4570 (cf.
765 4486 1001 4554 Trend.
1041 4487 1184 4552 Kat.
1222 4508 1285 4574 p.
1319 4488 1516 4569 124»
1580 4489 1810 4554 etenim
1870 4486 2035 4552 hanc
2080 4483 2319 4552 dehere
2364 4506 2504 4554 ease
2547 4495 2802 4551 senten-
