3109 5175
530 350 635 428 82
1380 346 1577 422 Α5.
1651 345 1880 426 986α.

525 537 678 616 gata
709 527 1185 612 acquiescimus,
1212 522 1522 612 singulari
1549 545 1818 594 munero
1844 519 2019 592 κατὰ
2038 525 2419 609 συστοιχίαν
2446 545 2520 592 ea
2541 522 2748 594 modo

526 634 726 709 ratio,
783 650 947 715 quae
1003 637 1099 693 est
1144 629 1312 693 inter
1357 638 1668 717 cognatas
1711 630 2030 709 notiones,
2072 628 2418 718 significari
2461 627 2750 715 putanda

528 745 641 814 est,
688 755 811 802 nec
855 752 1013 798 vero
1058 731 1242 798 simul
1288 752 1381 811 ea,
1426 754 1592 820 quae
1637 744 1736 798 est
1774 735 1945 800 inter
1987 737 2337 821 oppositas.
2405 732 2512 800 Cf.
2544 734 2748 802 Tmu-

530 821 895 923 delenhurg
940 837 1172 924 Kateg.
1220 859 1285 921 p.
1314 837 1422 902 28.

658 944 827 1008 9860
851 942 939 1008 29
972 938 1445 1023 Ἀλκμαίων.
1505 938 1613 1007 Cr.
1647 938 2039 1029 Trendelbg.
2071 941 2154 1008 de
2181 961 2283 1006 an.
2313 964 2376 1028 p.
2405 940 2558 1008 239.
2603 942 2749 1007 Kri-

528 1046 681 1116 sche
728 1044 989 1111 Forsch.
1035 1044 1085 1109 1.
1129 1067 1195 1131 p.
1228 1044 1334 1110 69.

664 1151 946 1217 986a34
989 1152 1200 1234 μέγα
1237 1140 1534 1234 μικρόν
1578 1169 1654 1213 ex
1692 1168 1824 1212 uno
1863 1145 2032 1212 libro
2059 1147 2150 1214 Ab
2182 1151 2413 1236 recepi,
2456 1170 2578 1237 pro
2614 1146 2754 1215 vul-

533 1265 689 1344 gato
732 1248 971 1339 μικρὸν
1012 1256 1200 1337 μέγα,
1245 1254 1392 1340 quia
1436 1272 1574 1320 non
1601 1255 1743 1318 sine
1772 1255 2000 1320 nimiae
2029 1251 2462 1342 negligentiae
2491 1256 2752 1322 crimine

538 1355 920 1424 Aristoteles
965 1355 1222 1423 videtur
1265 1355 1570 1422 recedere
1614 1359 1903 1444 potuisse
1945 1355 2027 1421 ab
2074 1356 2302 1426 ordine
2344 1368 2532 1423 antea
2575 1359 2754 1424 insti-

536 1472 699 1540 tuto,
744 1471 814 1528 ut
858 1459 1197 1526 antecedat
1239 1463 1664 1548 praestantius
1707 1463 1846 1528 sive
1890 1455 1967 1526 τὸ
2011 1457 2388 1551 καταφάσει
2430 1458 2754 1546 δηλούμε-

533 1588 674 1645 νον,
711 1575 1142 1650 postponatur
1183 1563 1463 1630 deterius
1486 1566 1622 1629 sive
1644 1560 1722 1629 τὸ
1746 1559 2087 1652 ἀποφάσει
2108 1561 2531 1650 δηλούμενον.
2585 1567 2756 1632 Ean·

538 1670 685 1736 dem
728 1667 1239 1734 emendationem
1283 1667 1750 1736 commendavit
1785 1654 2056 1736 Krische
2089 1670 2350 1736 Forsch.
2386 1670 2435 1735 1.
2471 1692 2536 1757 p.
2566 1672 2674 1737 69.

668 1774 897 1840 986ῠ1
943 1765 1166 1856 παρὰ
1211 1772 1353 1856 μὲν
1398 1762 1543 1837 οὖν
1583 1808 1666 1823 -
1713 1773 1760 1837 8
1801 1765 1950 1852 τὴν
1985 1768 2296 1839 οὐσίαν.
2372 1767 2557 1858 παρὰ
2592 1768 2754 1841 τού-

535 1899 669 1952 των
725 1874 1014 1967 ἀμφοῖν,
1070 1874 1520 1942 Alcmaeonem
1579 1875 1734 1941 dicit
1777 1888 1844 1942 et
1886 1897 2002 1942 eos
2047 1898 2085 1941 e
2130 1875 2583 1966 Pythagoreis,
2642 1879 2756 1964 qui

538 1980 757 2048 decem
816 1982 1280 2048 contrariorum
1342 1982 1518 2065 paria
1577 1989 1944 2067 posuerant.
2032 1981 2308 2067 Utrique
2359 1984 2425 2045 in
2472 2001 2553 2048 eo
2599 2002 2756 2047 con·-

536 2088 839 2164 sentiunt,
882 2081 1057 2170 quod
1103 2086 1423 2150 contrari-a
1468 2095 1723 2170 ponunt
1764 2087 1830 2150 in
1872 2087 2220 2172 principiiS,
2265 2084 2648 2152 dissentiunt
2682 2087 2755 2152 in

537 2210 804 2256 numero
866 2209 1086 2256 eorum
1144 2186 1536 2253 definiendo.
1629 2187 1817 2271 Quae
1873 2188 2109 2255 deinde
2160 2188 2312 2255 dicit
2368 2189 2756 2258 Aristoteles

537 2293 676 2368 πῶς
709 2294 935 2376 μέντοι
965 2291 1122 2367 κτλ,
1159 2312 1234 2355 ea
1266 2302 1332 2356 et
1362 2289 1537 2355 Alex.
1570 2315 1633 2377 p.
1665 2293 1770 2371 32,
1801 2294 1872 2358 8:
1916 2300 2336 2380 προσιστορεῖ
2377 2294 2448 2360 δὲ
2490 2295 2604 2360 καὶ
2649 2288 2756 2358 ὅτι

539 2388 753 2482 ἀρχὴν
794 2398 908 2461 καὶ
950 2393 1167 2462 αἴτιον
1209 2387 1355 2460 τὸν
1400 2388 1773 2479 ἀριθμὸν
1816 2396 2042 2480 ἔλεγον
2084 2392 2174 2473 ὡς
2213 2394 2379 2477 ὕλην
2427 2406 2495 2462 et
2539 2394 2756 2462 Zeller

537 2521 634 2590 gr.
664 2498 827 2565 Phil.
870 2499 919 2566 1.
962 2521 1025 2585 p.
1058 2500 1162 2577 99,
1201 2499 1245 2564 3
1290 2496 1372 2562 ad
1418 2498 1905 2587 Pythagor-icam
1950 2497 2034 2564 de
2076 2504 2354 2566 numeris
2398 2499 2756 2570 doctrinam

537 2603 842 2683 referunt,
888 2614 961 2673 ut
994 2624 1293 2670 numeros
1322 2602 1718 2691 Pythagorei
1764 2604 2085 2671 materiale
2124 2626 2333 2673 rerum
2371 2608 2754 2693 principium

536 2710 833 2795 posuisse
868 2706 1190 2785 dicanmr3
1234 2706 1350 2772 sed
1395 2728 1629 2773 vereor
1673 2719 1746 2773 ut
1786 2717 1962 2775 recte
2006 2709 2165 2773 haec
2206 2708 2402 2775 verba
2439 2712 2756 2796 interpre-

539 2814 657 2879 tati
697 2814 843 2879 sint.
914 2813 1179 2879 Numeri
1211 2813 1377 2879 enim
1409 2811 1961 2899 Pythagoreorum
2006 2811 2089 2878 ad
2133 2812 2312 2899 quod
2347 2835 2554 2902 genus
2581 2816 2758 2901 prin·-

539 2918 851 3003 cipiorum
908 2914 1230 2982 referendi
1285 2926 1529 2995 essent,
1586 2917 1709 2981 iam
1755 2925 1942 2981 antea
1987 2919 2307 3004 exposuit,
2362 2939 2484 2983 nec
2523 2921 2758 3006 potuit.

541 3043 733 3107 quum
790 3033 979 3086 antea
1029 3018 1417 3087 materialem
1462 3039 1684 3085 eorum
1729 3030 2014 3083 naturam
2059 3021 2396 3089 manifesto
2442 3044 2758 3110 apparere

542 3123 818 3202 dixisset,
863 3124 1225 3212 φαίνονται
1264 3158 1353 3173 -·-
1394 3121 1775 3207 νομίζοντες
1815 3122 1952 3187 κτλ.
1989 3124 2144 3203 a15‚
2186 3127 2310 3191 iam
2351 3128 2570 3211 paucis
2614 3146 2760 3193 ven-

540 3226 641 3293 bis
684 3228 1031 3293 interiectis
1078 3224 1345 3292 eandem
1392 3229 1456 3290 in
1501 3224 1703 3292 dubio
1750 3225 2129 3313 relinquere,
2174 3228 2407 3318 σαφῶς
2448 3226 2529 3295 οὐ
2570 3223 2759 3315 διήρ-

539 3329 827 3416 θρωται,
869 3332 1123 3399 ἐοίκασι
1156 3333 1261 3396 ῠ5.
1327 3331 1380 3395 li
1424 3339 1635 3395 autem
1678 3352 1719 3396 e
1747 3330 2194 3420 Pythagoreis,
2238 3335 2346 3418 qui
2392 3330 2608 3419 plures
2637 3353 2759 3419 po-

541 3447 808 3501 suerunt
849 3428 1285 3513 ἐναντιώσεις,
1343 3437 1640 3521 quoniam
1688 3432 1941 3522 quidem
1988 3456 2102 3501 eos
2146 3458 2185 3500 a
2227 3435 2489 3522 reliquis
2534 3434 2761 3503 distin-

540 3540 659 3617 xit,
713 3558 839 3604 nec
893 3535 1050 3604 dixit
1093 3548 1280 3605 antea
1327 3550 1393 3604 et
1435 3537 1715 3604 debebat
1757 3538 2002 3617 dicere,
2061 3538 2213 3627 quid
2258 3537 2628 3609 viderentur
2672 3540 2760 3609 ad

541 3663 873 3709 cansarum
902 3644 1459 3730 investigationem
1494 3641 1759 3720 αὔοι-τος
1805 3642 2031 3709 horum
2074 3645 2272 3731 igitur
2312 3645 2623 3729 principia
2662 3642 2762 3709 di-

543 3765 693 3813 cere
732 3744 989 3813 videtur
1029 3739 1149 3823 τοὶς
1193 3750 1537 3831 εᾶρημένας
1581 3749 1818 3824 αἰτίας.
1907 3747 2180 3813 Accedit
2233 3744 2320 3813 ad
2376 3746 2758 3817 confirman-

542 3846 689 3915 dam
746 3848 910 3914 hanc
966 3847 1449 3936 explicationem
1506 3849 1687 3936 quod
1742 3871 1880 3917 non
1933 3872 2038 3917 res
2092 3848 2200 3917 vel
2249 3852 2421 3914 entia
2463 3848 2574 3915 vel
2616 3853 2757 3917 uni-

539 3971 795 4019 versum
850 3951 1153 4021 mundum
1211 3975 1289 4018 ex
1342 3951 1471 4021 illis
1529 3957 1860 4043 principiis
1904 3956 2257 4042 composita
2303 3952 2481 4032 dicit,
2538 3954 2758 4040 qualia

541 4052 713 4121 solet
757 4052 970 4121 dicere
1015 4054 1098 4121 de
1142 4077 1547 4127 numerorum
1595 4058 1916 4139 doctrina,
1968 4058 2084 4125 sed
2127 4056 2572 4138 substantiam,
2629 4052 2755 4139 τὴν

541 4152 799 4236 οὐσίαν,
843 4160 949 4223 cui
986 4160 1187 4225 insint
1228 4163 1517 4231 nimirum
1564 4161 1804 4230 alterae
1847 4175 2027 4231 utrae
2070 4183 2147 4228 ex
2189 4160 2316 4229 illis
2359 4161 2758 4243 notionibus,

540 4280 697 4345 quas
724 4263 794 4327 in
823 4265 1136 4349 oppositis
1166 4263 1500 4332 ordinibus
1528 4258 2145 4335 collocaverunt?—
2174 4268 2260 4332 1³5
2291 4268 2575 4354 σαφῶς
2603 4269 2755 4352 μὲν

539 4358 648 4429 οὐ.
708 4364 815 4431 De
848 4362 1150 4456 ἀσαφείᾳ
1182 4376 1464 4435 veterum
1500 4370 2034 4458 philosophorum
2069 4368 2148 4435 cf.
2178 4368 2261 4434 ad
2293 4371 2353 4434 4.
2383 4371 2554 4435 9850
2579 4372 2641 4435 4,
2664 4406 2752 4423 --

539 4461 1076 4557 διήρθρωται.
1144 4470 1521 4565 διαρθροῦν
1568 4485 1667 4540 est
1707 4496 1842 4543 rem
1880 4473 2152 4559 aliquam
2192 4474 2372 4559 quasi
2404 4493 2525 4560 per
2560 4495 2754 4543 mem-
2863 4532 2869 4537 .
