3109 5175
553 376 653 454 ⁴78
1296 411 1305 416 ·
1401 377 1478 448 A
1526 374 1596 448 5.
1672 372 1817 449 985
1836 374 1901 448 b.

551 555 675 639 μὲν
715 552 965 618 τοιονδὶ
1007 551 1140 616 τῶν
1184 546 1499 634 ἀριθμῶν
1535 545 1788 627 πάθος.
1855 548 2077 615 Veluti
2107 551 2494 636 quaternarii
2519 553 2768 616 numeri

551 656 625 723 id
667 668 767 722 est
807 652 1041 731 πάθος
1081 649 1249 717 καθ’
1288 649 1474 732 αὑτό,
1519 664 1593 719 ut
1633 655 1719 718 sit
1757 675 2056 719 numerus
2101 654 2457 740 quadratus,
2501 675 2578 717 ac
2617 675 2768 740 pro-

551 772 773 849 pterea
830 759 1110 824 iustitiae
1167 766 1453 821 naturam
1496 768 1757 843 putatur
1802 760 2180 844 exprimere,
2241 779 2317 822 ac
2358 756 2578 822 similis
2620 757 2768 823 reli-

552 886 822 952 quorum
865 865 1051 927 ratio.
1098 897 1179 911 —
1225 861 1641 947 Apertissime
1685 882 1843 926 vero
1888 882 2291 926 numerorum
2337 864 2464 924 vim
2510 863 2577 925 in
2623 862 2766 927 har-

551 969 783 1034 moniis
839 967 1091 1031 musicis
1152 984 1545 1051 cognoscere
1604 962 1726 1029 sibi
1786 966 1899 1028 visi
1953 977 2103 1030 sunt
2153 964 2575 1051 Pythagorei,
2637 965 2767 1030 τῶν

550 1070 887 1157 ἁρμονιῶν
942 1074 1025 1154 ἐνθ
1072 1064 1395 1156 ἀριθμοῖς
1453 1064 1734 1150 ὁρῶντες
1789 1059 1874 1131 τὰ
1929 1062 2128 1148 πάθη
2172 1070 2283 1132 καὶ
2328 1061 2484 1144 τοὺς
2527 1063 2767 1151 λόγους

547 1176 695 1252 b31,
742 1175 801 1238 b.
833 1194 890 1237 e.
928 1170 1316 1260 singularum
1355 1171 1820 1235 harmoniarum
1858 1169 2150 1235 definitas
2186 1169 2545 1257 qualitate8‚
2588 1169 2767 1257 qnod

549 1275 805 1363 quidem
852 1274 1186 1341 distinctus
1234 1284 1333 1340 est
1376 1285 1726 1338 concentus
1774 1267 1886 1338 διὰ
1927 1276 2161 1339 πασῶν
2206 1296 2242 1338 a
2287 1284 2605 1340 concentu
2652 1268 2764 1338 ὃιά

548 1384 739 1446 πέντε
782 1378 891 1443 vel
935 1374 1045 1444 διὰ
1087 1374 1442 1464 τεσσάρων,
1483 1381 1784 1463 ipsasque
1822 1397 2034 1441 earum
2071 1380 2376 1443 notiones
2412 1377 2765 1465 descriptas

548 1504 692 1548 esse
736 1494 1185 1571 cognoverunt
1227 1503 1632 1547 numerorum
1677 1481 2049 1559 rationibus,
2095 1480 2172 1545 cf.
2219 1485 2274 1547 A
2301 1484 2365 1546 2.
2415 1483 2624 1548 10130
2648 1483 2764 1547 27:

548 1584 587 1653 ὁ
633 1583 831 1672 λόγος
872 1588 993 1653 τοῦ
1034 1588 1101 1651 τί
1143 1576 1230 1666 ἦν
1286 1582 1483 1664 εἶναι,
1531 1620 1615 1635 -
1675 1579 1822 1668 οἷον,
1874 1586 1994 1649 τοῦ
2047 1579 2162 1648 διὰ
2212 1588 2447 1651 πασῶν
2499 1579 2585 1650 τοὶ
2642 1580 2763 1651 δύο

544 1685 713 1777 πρὸς
753 1692 824 1756 ἓν
867 1691 978 1755 καὶ
1025 1685 1192 1765 ὅλως
1231 1685 1268 1753 ὁ
1308 1684 1625 1773 ἀριθμός.
1681 1688 1755 1752 A
1783 1690 1845 1753 9.
1878 1689 2040 1754 9916
2067 1689 2172 1752 14.
2231 1690 2310 1754 Ν
2329 1689 2390 1753 5.
2423 1689 2628 1753 109Ξὸ
2656 1690 2762 1753 14.
2821 1717 2826 1722 ·

546 1791 966 1880 ἁρμονιῶν
994 1794 1236 1880 scripsi,
1266 1814 1457 1880 quum
1490 1792 1697 1857 adbuc
1726 1794 1792 1856 in
1825 1789 2209 1857 editionibus
2241 1790 2611 1857 exhibeatur
2639 1788 2764 1876 ἀρ-

544 1898 849 1983 μονικῶν,
895 1907 960 1960 et
1002 1894 1290 1962 codicum
1339 1895 1584 1981 aliquot
1628 1905 1694 1959 et
1736 1898 1999 1960 maxime
2031 1894 2377 1960 Alexandri
2424 1906 2490 1959 et
2533 1895 2762 1960 Bessa-

543 2004 746 2067 rionis
792 2000 1136 2066 obsecutus
1182 2002 1560 2077 auctoritati,
1606 1997 1754 2064 coll.
1799 2000 1968 2064 986⁶
1994 2002 2033 2063 4
2083 2011 2147 2064 et
2192 2003 2269 2067 N
2296 2001 2357 2064 3.
2408 2000 2618 2064 109οα
2643 2000 2761 2064 24:

544 2101 651 2172 ὅτι
705 2099 794 2170 τὰ
848 2099 1049 2184 πάθη
1095 2095 1181 2168 τά
1225 2104 1356 2169 τῶν
1400 2100 1719 2190 ἀριθμῶν
1762 2107 1833 2168 ὲν
1876 2099 2171 2187 ἁρμονίᾳ
2213 2096 2490 2189 ὑπάρχει
2531 2104 2646 2168 καὶ
2689 2107 2763 2168 ἐν

541 2212 636 2292 τῷ
679 2205 943 2293 οὐρανῷ
984 2207 1121 2272 κτλ.
1196 2204 1503 2272 Ceterum
1549 2205 1711 2270 haec
1752 2206 1950 2271 verba
1996 2208 2088 2271 ἔτι
2126 2206 2195 2270 δὲ
2236 2192 2636 2290 -’ὀρῶντες
2671 2244 2761 2258 —-

542 2305 697 2387 τοὺς
752 2304 989 2393 λόγους
1043 2320 1182 2374 arte
1236 2309 1688 2398 coniungenda
1747 2318 1897 2375 sunt
1952 2332 2093 2374 cum
2139 2308 2573 2394 superioribus
2620 2310 2758 2374 ἐπεὶ

542 2409 817 2486 ἐδόκουν,
857 2414 1171 2495 θεωρεῖν,
1228 2412 1536 2498 siquidem
1594 2413 1826 2478 leniter
1876 2416 2199 2477 immutata
2243 2411 2758 2477 conformatione

541 2515 626 2582 ad
685 2515 1241 2582 demonstrandam
1303 2516 1569 2582 eandem
1621 2519 1946 2605 pertinent
1986 2519 2154 2581 inter
2197 2537 2302 2580 res
2348 2529 2414 2580 et
2457 2534 2757 2581 numeros

541 2621 1049 2697 similitudinem3
1096 2623 1396 2706 proximis
1442 2620 1692 2686 demum
1731 2620 1946 2686 verbis
1986 2614 2205 2700 ἐπειδὴ
2243 2621 2376 2685 κτλ.
2422 2619 2620 2685 altera
2655 2641 2760 2685 or·

541 2724 713 2791 ditur
750 2724 1028 2789 eiusdem
1072 2727 1387 2789 enunciati
1426 2730 1721 2811 protasis,
1764 2723 2107 2791 secundum
2156 2745 2291 2788 eam
2337 2723 2755 2811 periodorum

542 2829 825 2906 formam,
872 2827 955 2893 de
995 2849 1117 2914 qua
1150 2827 1495 2915 disputavit
1524 2829 1932 2918 Nagelsbach
1966 2828 2071 2893 lat.
2101 2826 2242 2893 Stil.
2273 2827 2331 2913 §.
2370 2830 2514 2908 116,
2562 2828 2639 2893 cf.
2673 2827 2755 2892 ad

540 2935 601 3000 3.
641 2935 809 3000 983«
834 2934 940 2999 33.
1007 2931 1151 2997 Sed*
1184 2936 1381 3019 prima
1426 2932 1613 2998 buius
1658 2932 1916 2998 alterius
1959 2935 2235 3019 protasis
2274 2931 2492 3010 verba,
2533 2924 2754 3012 ἐπειδὴ

539 3031 627 3103 τά
668 3040 787 3121 μὲν
831 3031 1005 3101 ἄλλα
1048 3043 1188 3111 τοῖς
1231 3031 1556 3120 ἀριθμοῖς
1599 3038 1908 3124 ἐφαίνετο
1957 3030 2080 3116 τὴν
2137 3030 2338 3124 φύσιν
2395 3031 2754 3123 ἀφωμοιῶ-

542 3142 717 3207 σθαι
747 3140 976 3204 πᾶσαν
1011 3140 1158 3217 ὺ32,
1203 3136 1428 3203 dubito
1476 3162 1624 3205 num
1672 3139 1751 3204 ab
1798 3141 1971 3204 omni
2015 3150 2198 3226 parte
2243 3159 2398 3202 sana
2427 3140 2573 3201 sint.
2639 3138 2754 3203 Et-

541 3247 708 3310 enim
752 3245 941 3307 πᾶσα
984 3238 1028 3321 ἡ
1074 3235 1270 3332 φύσις
1307 3242 1463 3307 nihil
1493 3243 1746 3309 videtur
1773 3242 1946 3308 aliud
1977 3241 2341 3331 significare
2372 3261 2583 3326 posse,
2625 3242 2754 3311 nisi

539 3369 750 3413 rerum
783 3348 1274 3437 universitatem,
1320 3345 1400 3410 cf.
1433 3348 1600 3412 986⁶
1631 3349 1686 3424 1,
1733 3369 1855 3411 nec
1895 3368 2054 3411 vero
2100 3349 2456 3412 universam
2505 3347 2598 3408 rei
2643 3343 2754 3415 ali-

538 3453 718 3516 cuius
762 3434 1067 3528 naturam,
1115 3448 1183 3514 id
1228 3449 1402 3535 quod
1433 3450 1741 3516 hocloco
1775 3450 2114 3516 dicendum
2146 3460 2301 3514 erat.
2377 3448 2599 3533 Quare
2628 3451 2753 3513 nisi

539 3553 841 3619 audacius
870 3553 1209 3632 videretur,
1240 3575 1361 3640 pro
1391 3556 1620 3619 πᾶσαν
1650 3554 1991 3619 scriberem
2021 3548 2259 3632 πάντα,
2295 3551 2573 3617 adhibita
2605 3551 2752 3616 Ale-

536 3658 759 3723 xandri
788 3661 1166 3722 auctoritate
1195 3682 1259 3745 p.
1283 3659 1386 3735 28,
1420 3661 1501 3724 17
1516 3685 1531 3721 :
1577 3652 1833 3745 ἐπεὶ.τά
1859 3660 1979 3741 μὲν
2013 3651 2186 3722 ἄλλα
2216 3652 2491 3722 πάντα
2520 3651 2752 3743 ὁμοιό·

535 3783 704 3841 τητα
747 3755 917 3843 πρὸς
958 3756 1112 3837 τοὺς
1154 3755 1493 3846 ἀριθμοὺς
1536 3759 1721 3845 εἶχεν.
1792 3761 1921 3826 lam
1968 3784 2131 3849 quae
2178 3762 2305 3827 boc
2340 3757 2488 3830 loco
2521 3781 2638 3846 per
2664 3754 2750 3824 τά

536 3858 710 3928 ἄλλα
740 3859 1013 3930 πάντα
1050 3864 1507 3951 significantur,
1554 3865 1774 3931 eadem
1813 3867 2115 3953 proximis
2143 3864 2356 3930 verbis
2384 3858 2604 3942 πάσης
2631 3863 2751 3942 τῆς

535 3960 791 4055 φύσεως
832 3970 1092 4032 nomine
1125 3979 1456 4045 notantur;
1499 3968 1742 4055 reliqua
1775 3971 1986 4034 omnia
2018 3967 2101 4033 ad
2132 3966 2602 4033 similitudinem
2635 3987 2751 4031 nu-

532 4090 851 4134 merorum
881 4069 1178 4136 videntur
1209 4071 1437 4151 efficta,
1482 4075 1730 4139 numeri
1776 4084 1983 4139 autem
2028 4094 2236 4138 rerum
2282 4074 2561 4137 omnium
2600 4082 2751 4135 sunt

533 4174 735 4259 primi.
772 4209 853 4223 —
900 4175 1015 4238 His
1059 4176 1256 4261 igitur
1300 4179 1504 4241 causis
1551 4176 1809 4242 adducti
1852 4198 2040 4262 quum
2089 4198 2126 4240 e
2169 4197 2574 4242 numerorum
2620 4172 2750 4239 ele-

532 4279 761 4341 mentis
815 4279 1291 4342 universitatem
1349 4301 1557 4345 rerum
1605 4290 1998 4365 repeterent,
2057 4281 2111 4343 si
2158 4278 2312 4365 quid
2357 4277 2592 4344 alicubi
2637 4279 2750 4342 mi-

530 4400 653 4445 nus
685 4378 1011 4447 videretur
1040 4384 1399 4459 concinere,
1431 4385 1943 4471 προσεγλίχοντο
1972 4385 2095 4450 τοῦ
2123 4386 2588 4472 συνειρομένην
2615 4384 2749 4446 miz-

533 4504 662 4550 σαν
694 4480 923 4563 αὐτοῖς
956 4481 1124 4554 εἶναι
1155 4479 1279 4568 τὴν
1310 4488 1770 4574 πραγματείαν
1799 4490 1910 4553 a7.
1977 4488 2442 4571 γλίχεσθαι
2478 4484 2748 4551 verbum
