3109 5175
575 363 720 438 522
1370 365 1451 435 Λ
1507 360 1619 434 10.
1702 359 1971 434 107512.

572 540 943 604 notionis
982 536 1327 625 significari
1359 536 1806 615 diversitatem,
1842 539 2022 622 quasi
2054 536 2246 601 dicat:
2288 533 2370 603 οὐ
2398 531 2605 601 ταύτό
2639 541 2783 603 ἐστι

571 636 649 708 τὸ
695 638 861 706 εἶναι
902 637 1021 729 ὕλῃ
1066 643 1179 707 καὶ
1221 635 1297 706 τὸ
1345 637 1510 704 εἶναι
1552 643 1868 718 κινοῦντι,
1914 651 2178 726 apparet
2226 638 2374 704 coll.
2387 643 2583 727 0T0p.
2616 643 2682 704 V
2714 643 2775 706 4.

574 747 733 811 13311
755 748 869 809 33:
917 743 1061 810 ἀλλ’
1102 739 1265 810 ἄλλο
1311 747 1567 827 λέγεται
1602 746 1695 827 τῷ
1735 750 1955 830 ἕτερον
1995 742 2221 820 αὐτοῖς
2257 739 2425 809 εἶναι
2464 740 2540 810 τὸ
2580 739 2779 810 εἶναι·

572 846 654 914 οὐ
681 845 883 913 ταὺτὸ
915 843 1043 931 γάρ
1075 854 1248 914 ἐστιν
1279 843 1624 932 ἀνθρώπῳ
1654 868 1721 912 τε
1752 841 1831 911 τὸ
1861 841 2203 932 ἀνθρώπῳ
2236 841 2404 911 εἶναι
2430 851 2543 914 καὶ
2572 848 2781 931 λευκῷ

572 948 913 1036 ἀνθρώπῳ
942 945 1018 1016 τὸ
1057 949 1224 1018 εἶναι
1256 951 1460 1033 λευκῷ
1491 945 1849 1036 ἀνθρώπῳ.
1914 950 2105 1034 Phys.
2129 950 2220 1014 111
2251 953 2313 1015 3.
2344 952 2514 1016 2⁰2ae
2539 954 2643 1031 20,
2672 955 2775 1017 ⁶9.

576 1058 678 1121 12.
714 1058 814 1134 16,
858 1055 967 1120 ubi
1011 1057 1370 1142 promiscue
1416 1063 1800 1138 usurpantur
1840 1047 1917 1118 τὸ
1956 1050 2123 1118 εἶναι
2156 1045 2233 1117 τὸ
2275 1051 2440 1120 αὐτό
2481 1066 2547 1120 et
2587 1051 2623 1120 ὁ
2664 1051 2780 1120 λό·

571 1181 688 1243 γος
735 1157 772 1223 ὁ
818 1154 1017 1236 αὑτός
1061 1161 1193 1222 sive
1240 1149 1346 1233 εἷς.
1408 1158 1531 1222 13.
1568 1158 1732 1221 186⁶·
1756 1160 1861 1223 31.
1896 1156 2017 1237 al.)
2091 1156 2221 1223 Sed
2258 1178 2406 1222 num
2447 1180 2601 1224 vere
2635 1160 2782 1222 Em-

569 1261 880 1348 pedocles
936 1263 1166 1351 φιλίαν
1221 1282 1342 1346 pro
1402 1261 1721 1326 elemento
1779 1264 2068 1346 posuerit
2122 1261 2402 1346 Sphaeri,
2464 1284 2654 1347 quum
2710 1261 2781 1326 id

570 1369 913 1454 praecipue
971 1364 1262 1429 videatur
1322 1376 1611 1452 spectare
1666 1375 1738 1428 ut
1800 1367 2122 1428 moventia
2186 1367 2500 1452 principia
2560 1364 2781 1429 distin-

571 1479 727 1558 guat
771 1469 851 1533 ab
898 1467 1240 1546 elementis,
1286 1468 1714 1548 vehementer.
1739 1467 1987 1534 dubito.
2068 1469 2300 1556 Longe
2345 1472 2553 1555 aptius
2598 1490 2781 1533 suae-

573 1594 696 1659 que
738 1575 937 1659 ipsius
983 1571 1312 1637 doctrinae
1357 1570 1834 1637 accommodate
1878 1571 2144 1636 alterum
2192 1574 2252 1635 ei
2298 1572 2544 1659 obiicit,
2597 1572 2779 1658 quod

573 1681 1048 1742 contentionem
1082 1680 1372 1763 posuerit
1405 1690 1744 1755 aeternam,
1785 1678 1887 1755 1³6,
1926 1697 2091 1761 quae
2129 1675 2382 1760 quidem
2413 1698 2604 1761 quum
2636 1679 2779 1761 ipsa

568 1801 688 1866 per
730 1802 800 1844 se
844 1775 1049 1861 (αὑτό
1084 1783 1212 1859 ὀ7)
1254 1779 1400 1844 mali
1440 1784 1521 1845 sit
1561 1790 1783 1844 natura
1821 1788 1886 1844 et
1922 1782 2299 1865 principium
2343 1779 2465 1858 (cf.
2498 1778 2577 1843 ad
2610 1780 2682 1842 A
2716 1782 2779 1843 4.

572 1886 740 1951 985⁶
777 1887 888 1962 5),
943 1886 1012 1947 in
1073 1884 1326 1949 easdem
1383 1903 1515 1948 non
1576 1892 1795 1970 potest
1839 1903 1974 1946 non
2019 1881 2302 1947 incidere
2350 1882 2779 1958 difficultates,

573 2011 734 2075 quae
780 1998 982 2066 antea,
1020 1989 1172 2064 ³35,
1222 1998 1371 2052 sunt
1417 1990 1759 2073 expositae.
1850 1985 2037 2072 Apud
2086 1988 2190 2050 Ar.
2238 2007 2394 2051 vero
2443 1989 2501 2050 ei
2545 1989 2781 2071 prinei-

572 2095 701 2179 pio,
748 2091 920 2178 quod
955 2090 1123 2156 idem
1161 2113 1464 2156 summum
1502 2091 1740 2156 bonum
1779 2101 1842 2155 et
1874 2094 2141 2176 primum
2174 2111 2443 2154 movens
2480 2100 2592 2167 cst,
2629 2109 2779 2174 pro-

571 2207 786 2282 pterea
833 2195 991 2259 nibil
1037 2205 1136 2259 est
1179 2198 1589 2271 contrarium,
1649 2198 1792 2280 quia
1846 2197 2158 2258 contraria
2207 2197 2524 2258 materiam
2570 2194 2777 2277 requi·
2818 2250 2826 2256 .

573 2311 746 2376 runt,
805 2321 968 2385 quae
1013 2300 1088 2361 iis
1133 2300 1417 2363 subiecta
1461 2303 1544 2362 sit
1587 2298 1706 2378 (cf.
1753 2319 1805 2361 c.
1837 2299 1949 2376 2),
2003 2319 2310 2362 summum
2355 2307 2561 2361 autem
2608 2299 2779 2380 prin-

575 2406 801 2488 cipium
850 2412 946 2466 est
989 2402 1417 2467 immateriale.
1486 2400 1728 2484 (Quod
1769 2401 1826 2466 Θ
1855 2404 1915 2465 9.
1953 2403 2162 2466 loma
2193 2403 2276 2465 19
2308 2399 2772 2486 comprobavit:

572 2511 644 2571 ὲν
690 2515 828 2582 τοῖς
872 2504 940 2584 ἐξ
984 2502 1192 2592 ἀρχῆς
1234 2507 1346 2570 καὶ
1390 2509 1461 2569 ὲν
1495 2511 1637 2580 τοῖς
1674 2500 1914 2578 ἀϊδίοις
1952 2500 2162 2569 οὐθέν
2198 2509 2338 2568 ἐστι
2371 2499 2597 2580 κακόν,
2643 2503 2701 2566 h.
2732 2503 2776 2567 l.

572 2630 707 2675 non
736 2609 996 2675 videtur
1019 2612 1394 2696 respicere.)
1426 2647 1504 2660 —
1545 2609 1619 2672 ln
1653 2610 2026 2695 Anaxagora
2058 2619 2266 2672 autem
2297 2606 2363 2673 id
2395 2607 2651 2694 quidem
2682 2629 2779 2671 re-

573 2724 674 2778 cte
709 2715 1044 2799 vituperat,
1077 2715 1180 2792 bs,
1224 2712 1399 2800 quod
1434 2735 1553 2799 qua
1594 2714 1846 2776 ratione
1883 2709 2243 2777 intellectus
2278 2724 2534 2776 moveat
2564 2722 2781 2776 osten-

574 2816 730 2881 dere
762 2820 1071 2891 omiserit;
1120 2816 1396 2883 debebat
1424 2828 1633 2881 autem
1667 2818 1878 2894 Anax„
1909 2814 2088 2901 quod
2115 2816 2218 2880 hic
2247 2816 2528 2881 breviter
2558 2817 2667 2879 Ar.
2698 2819 2779 2880 si-

573 2920 838 3009 gnificat
879 2918 961 2999 (ἡ
1006 2914 1135 3006 γὰρ
1177 2915 1432 3008 ὶατρική
1464 2922 1604 2984 ἐστι’
1636 2942 1773 2994 πως
1805 2917 1847 2998 ἡ
1884 2916 2093 3001 ὑγίεια
2124 2921 2271 2997 blo,
2318 2940 2418 2982 ars
2464 2918 2631 2983 idem
2681 2930 2781 2984 est

571 3034 763 3111 atque
808 3024 1138 3089 artificium
1174 3029 1524 3089 seiunctum
1563 3046 1598 3086 a
1632 3025 1909 3099 materia,
1955 3023 2033 3087 cf.
2066 3023 2147 3088 ad
2175 3025 2239 3088 3.
2275 3024 2483 3087 1070«
2512 3024 2651 3102 14),
2696 3020 2779 3087 ad

574 3149 710 3192 eam
738 3127 1043 3191 devenire
1070 3130 1398 3204 rationem,
1421 3110 1492 3191 ut
1519 3124 1912 3208 intellectum
1942 3129 2040 3190 sui
2063 3128 2259 3212 ipsius
2289 3125 2777 3213 intelligentiam

570 3230 849 3316 ideoque
893 3235 989 3294 sui
1035 3234 1235 3316 ipsius
1280 3232 1462 3304 τέλος
1503 3250 1643 3293 esse
1680 3239 2003 3308 statueret,
2051 3231 2130 3294 cf.
2165 3233 2228 3294 9.
2272 3232 2469 3295 lom
2494 3231 2600 3295 33.
2658 3229 2781 3293 Mi-

570 3355 692 3399 nus
737 3333 843 3397 vel
887 3334 1101 3420 probo
1149 3333 1253 3398 vel
1306 3331 1597 3420 intelligo
1645 3331 1819 3417 quod
1865 3331 2100 3398 deinde
2143 3343 2365 3397 monet
2403 3335 2561 3399 blo:
2618 3326 2777 3398 ἄτο-

570 3460 702 3503 πον
746 3439 814 3503 δὲ
857 3440 968 3502 καὶ
1012 3433 1093 3502 τὸ
1137 3440 1438 3503 ἐναντίον
1482 3430 1576 3519 μὴ
1626 3439 1900 3515 ποιῆσαι
1943 3439 2035 3519 τῷ
2081 3434 2331 3520 ἀγαθῷ
2372 3438 2483 3501 καὶ
2529 3437 2637 3518 τῷ·
2662 3438 2777 3518 νῷ.

569 3542 750 3627 Quid
792 3545 995 3607 enim?
1038 3563 1257 3607 nonne
1304 3544 1543 3629 pariter
1588 3550 1651 3604 et
1696 3539 1922 3605 eodem
1969 3539 2220 3626 quidem
2261 3543 2398 3605 iure
2433 3539 2590 3614 νοῦς
2626 3536 2781 3622 ἁμι-

570 3641 710 3727 γής,
754 3668 936 3730 quem
983 3649 1203 3731 posuit
1239 3647 1666 3731 Anaxagoras,
1709 3644 1791 3708 ab
1840 3647 2013 3709 omni
2057 3647 2505 3709 contrarietate
2555 3652 2618 3706 et
2662 3663 2779 3727 op-

569 3751 897 3834 positione
942 3752 1234 3813 immunis
1279 3752 1373 3823 sit,
1420 3769 1496 3811 ac
1540 3751 1779 3833 primus
1822 3761 2037 3821 motor
2083 3748 2250 3834 apud
2292 3745 2736 3813 Aristotelem?

701 3852 798 3915 Ita
846 3852 1101 3917 uberius
1134 3849 1540 3938 Empedoclis
1590 3863 1655 3915 et
1686 3853 2103 3939 Anaxagorae
2146 3861 2518 3938 persecutus
2551 3851 2780 3936 princi-

573 3956 695 4039 pia,
740 3958 941 4041 magis
982 3959 1278 4020 universe
1315 3965 1380 4019 et
1416 3958 1676 4019 strictim
1715 3955 2024 4020 nonnulla
2061 3954 2142 4020 de
2181 3955 2505 4019 erroribus
2544 3961 2781 4029 monet,

574 4077 736 4142 quos
781 4060 846 4120 in
894 4058 1262 4143 explicanda
1309 4063 1728 4146 generatione
1773 4060 1834 4123 hi
1880 4058 2116 4144 aliique
2155 4061 2598 4134 commiserint,
2634 4059 2781 4122 611.

571 4160 960 4246 Quicunque
1023 4166 1338 4226 contraria
1403 4183 1523 4248 pro
1582 4165 1910 4248 principiis
1966 4173 2349 4249 posuerunt,
2411 4183 2547 4226 non
2608 4172 2783 4226 reete

574 4267 650 4330 iis
696 4274 844 4330 sunt
877 4267 1012 4341 usi,
1072 4267 1188 4328 nisi
1249 4265 1517 4349 quisbde
1562 4286 1680 4329 suo
1727 4268 1990 4353 ingenio
2038 4288 2259 4333 eorum
2306 4270 2653 4331 sententias
2698 4264 2785 4330 ad

573 4371 800 4434 iustam
837 4368 1161 4456 redegerit
1196 4367 1458 4432 formam
1502 4369 1840 4457 (ῥυθμίσῃ
1875 4372 2024 4448 ῠ12,
2070 4370 2149 4434 cf.
2190 4369 2272 4436 de
2311 4394 2367 4435 v.
2406 4368 2786 4457 διαρθροῦν

576 4471 656 4537 ad
688 4472 760 4536 A
792 4475 851 4536 4.
883 4475 1052 4539 985a
1078 4476 1137 4539 4.
1183 4475 1246 4540 8.
1276 4474 1443 4540 9890
1467 4473 1616 4555 30).
1702 4474 2003 4539 Fortasse
2048 4494 2123 4539 ea
2171 4475 2447 4561 respicit,
2491 4494 2656 4560 quae
2701 4472 2787 4538 de
