<?xml version="1.0" encoding="UTF-8"?>
<!DOCTYPE html PUBLIC "-//W3C//DTD XHTML 1.0 Transitional//EN"
    "http://www.w3.org/TR/xhtml1/DTD/xhtml1-transitional.dtd">
<html xmlns="http://www.w3.org/1999/xhtml" xml:lang="en" lang="en">
 <head>
  <title>
</title>
<meta http-equiv="Content-Type" content="text/html;charset=utf-8" />
  <meta name='ocr-system' content='tesseract 3.04.00' />
  <meta name='ocr-capabilities' content='ocr_page ocr_carea ocr_par ocr_line ocrx_word'/>
</head>
<body>
  <div class='ocr_page' id='page_1' title='image "aristotelismeta01bonigoog_0173.png"; bbox 0 0 3109 5175; ppageno 0'>
   <div class='ocr_carea' id='block_1_1' title="bbox 1146 384 2533 464">
    <p class='ocr_par' dir='ltr' id='par_1_1' title="bbox 1146 384 2533 464">
     <span class='ocr_line' id='line_1_1' title="bbox 1146 384 2533 464; baseline 0.004 -6"><span class='ocrx_word' id='word_1_1' title='bbox 1146 387 1220 458; x_wconf 92' lang='lat' dir='ltr'><em>B</em></span> <span class='ocrx_word' id='word_1_2' title='bbox 1267 385 1335 458; x_wconf 77' lang='lat'><strong>3.</strong></span> <span class='ocrx_word' id='word_1_3' title='bbox 1410 384 1641 460; x_wconf 76' lang='grc'><strong>9981).</strong></span> <span class='ocrx_word' id='word_1_4' title='bbox 2398 389 2533 464; x_wconf 79' lang='grc'><strong>151</strong></span> 
     </span>
    </p>
   </div>
   <div class='ocr_carea' id='block_1_2' title="bbox 330 551 2542 2304">
    <p class='ocr_par' dir='ltr' id='par_1_2' title="bbox 341 551 2540 729">
     <span class='ocr_line' id='line_1_2' title="bbox 341 551 2540 653; baseline 0.005 -33"><span class='ocrx_word' id='word_1_5' title='bbox 341 551 760 637; x_wconf 70' lang='grc' dir='ltr'><strong>ἀποδείξεων.</strong></span> <span class='ocrx_word' id='word_1_6' title='bbox 805 557 887 625; x_wconf 73' lang='lat' dir='ltr'><strong>cf.</strong></span> <span class='ocrx_word' id='word_1_7' title='bbox 918 558 1059 626; x_wconf 75' lang='lat'><strong>69.</strong></span> <span class='ocrx_word' id='word_1_8' title='bbox 1094 563 1304 628; x_wconf 78' lang='lat' dir='ltr'><strong>loma</strong></span> <span class='ocrx_word' id='word_1_9' title='bbox 1326 563 1432 627; x_wconf 77' lang='lat'><strong>22.</strong></span> <span class='ocrx_word' id='word_1_10' title='bbox 1481 565 1717 652; x_wconf 81' lang='lat' dir='ltr'><strong>An.·pr.</strong></span> <span class='ocrx_word' id='word_1_11' title='bbox 1740 564 1771 628; x_wconf 87' lang='lat'>1</span> <span class='ocrx_word' id='word_1_12' title='bbox 1798 565 1906 630; x_wconf 76' lang='lat'><strong>24.</strong></span> <span class='ocrx_word' id='word_1_13' title='bbox 1934 563 2053 630; x_wconf 70' lang='lat'><strong>41⁶</strong></span> <span class='ocrx_word' id='word_1_14' title='bbox 2081 567 2184 630; x_wconf 73' lang='lat'><strong>14.</strong></span> <span class='ocrx_word' id='word_1_15' title='bbox 2226 565 2428 653; x_wconf 82' lang='lat' dir='ltr'><strong>Soph.</strong></span> <span class='ocrx_word' id='word_1_16' title='bbox 2460 566 2540 632; x_wconf 81' lang='lat' dir='ltr'><strong>el.</strong></span> 
     </span>
     <span class='ocr_line' id='line_1_3' title="bbox 343 661 790 729; baseline 0.013 -6"><span class='ocrx_word' id='word_1_17' title='bbox 343 661 448 724; x_wconf 78' lang='lat'><strong>16.</strong></span> <span class='ocrx_word' id='word_1_18' title='bbox 489 663 656 726; x_wconf 65' lang='lat'>175⁶</span> <span class='ocrx_word' id='word_1_19' title='bbox 684 663 790 729; x_wconf 81' lang='lat'><strong>27.</strong></span> 
     </span>
    </p>

    <p class='ocr_par' dir='ltr' id='par_1_3' title="bbox 340 763 2542 961">
     <span class='ocr_line' id='line_1_4' title="bbox 471 763 2542 857; baseline 0.005 -30"><span class='ocrx_word' id='word_1_20' title='bbox 471 766 634 829; x_wconf 66' lang='lat'><strong>998⁶</strong></span> <span class='ocrx_word' id='word_1_21' title='bbox 672 769 713 831; x_wconf 78' lang='lat'>4</span> <span class='ocrx_word' id='word_1_22' title='bbox 757 770 840 832; x_wconf 77' lang='grc' dir='ltr'><strong>αἱ</strong></span> <span class='ocrx_word' id='word_1_23' title='bbox 884 763 1153 852; x_wconf 73' lang='grc' dir='ltr'><strong>ἀρχαί.</strong></span> <span class='ocrx_word' id='word_1_24' title='bbox 1242 768 1348 832; x_wconf 90' lang='lat' dir='ltr'><strong>De</strong></span> <span class='ocrx_word' id='word_1_25' title='bbox 1391 770 1732 837; x_wconf 84' lang='lat' dir='ltr'><strong>retinendo</strong></span> <span class='ocrx_word' id='word_1_26' title='bbox 1778 769 2075 848; x_wconf 86' lang='lat' dir='ltr'><strong>articulo,</strong></span> <span class='ocrx_word' id='word_1_27' title='bbox 2133 793 2315 857; x_wconf 87' lang='lat' dir='ltr'><strong>quem</strong></span> <span class='ocrx_word' id='word_1_28' title='bbox 2362 775 2542 837; x_wconf 85' lang='lat' dir='ltr'><strong>omit—</strong></span> 
     </span>
     <span class='ocr_line' id='line_1_5' title="bbox 340 865 2495 961; baseline 0.004 -31"><span class='ocrx_word' id='word_1_29' title='bbox 340 865 600 931; x_wconf 80' lang='lat' dir='ltr'><strong>tendum</strong></span> <span class='ocrx_word' id='word_1_30' title='bbox 643 891 962 935; x_wconf 79' lang='lat' dir='ltr'><strong>suaseram</strong></span> <span class='ocrx_word' id='word_1_31' title='bbox 995 869 1156 936; x_wconf 84' lang='lat' dir='ltr'><strong>Obs.</strong></span> <span class='ocrx_word' id='word_1_32' title='bbox 1197 894 1266 957; x_wconf 87' lang='lat' dir='ltr'><strong>p.</strong></span> <span class='ocrx_word' id='word_1_33' title='bbox 1294 875 1397 951; x_wconf 76' lang='lat'><strong>52,</strong></span> <span class='ocrx_word' id='word_1_34' title='bbox 1443 876 1795 961; x_wconf 78' lang='lat' dir='ltr'><strong>expositum</strong></span> <span class='ocrx_word' id='word_1_35' title='bbox 1841 884 1940 938; x_wconf 87' lang='lat' dir='ltr'><strong>est</strong></span> <span class='ocrx_word' id='word_1_36' title='bbox 1983 872 2064 938; x_wconf 87' lang='lat' dir='ltr'><strong>ad</strong></span> <span class='ocrx_word' id='word_1_37' title='bbox 2112 878 2168 940; x_wconf 91' lang='grc'><strong>1.</strong></span> <span class='ocrx_word' id='word_1_38' title='bbox 2206 876 2495 941; x_wconf 68' lang='grc' dir='ltr'><strong>995ὂ27.</strong></span> 
     </span>
    </p>

    <p class='ocr_par' dir='ltr' id='par_1_4' title="bbox 330 969 2542 2304">
     <span class='ocr_line' id='line_1_6' title="bbox 471 969 2540 1063; baseline 0.004 -27"><span class='ocrx_word' id='word_1_39' title='bbox 471 972 740 1038; x_wconf 66' lang='grc'><strong>998511</strong></span> <span class='ocrx_word' id='word_1_40' title='bbox 790 969 1000 1039; x_wconf 67' lang='grc' dir='ltr'><strong>ἀλλὰ</strong></span> <span class='ocrx_word' id='word_1_41' title='bbox 1040 969 1203 1060; x_wconf 75' lang='grc' dir='ltr'><strong>μὴν</strong></span> <span class='ocrx_word' id='word_1_42' title='bbox 1249 1011 1330 1027; x_wconf 89' lang='grc'><strong>-</strong></span> <span class='ocrx_word' id='word_1_43' title='bbox 1381 979 1463 1041; x_wconf 83' lang='grc'><strong>13</strong></span> <span class='ocrx_word' id='word_1_44' title='bbox 1509 973 2157 1063; x_wconf 68' lang='grc' dir='ltr'><strong>ἐνυπαρχόντων.</strong></span> <span class='ocrx_word' id='word_1_45' title='bbox 2232 979 2415 1043; x_wconf 78' lang='lat' dir='ltr'><strong>Hanc</strong></span> <span class='ocrx_word' id='word_1_46' title='bbox 2457 978 2540 1044; x_wconf 88' lang='lat' dir='ltr'><strong>de</strong></span> 
     </span>
     <span class='ocr_line' id='line_1_7' title="bbox 337 1076 2541 1166; baseline 0.005 -29"><span class='ocrx_word' id='word_1_47' title='bbox 337 1076 799 1162; x_wconf 67' lang='lat' dir='ltr'><strong>principiorum</strong></span> <span class='ocrx_word' id='word_1_48' title='bbox 843 1088 1066 1143; x_wconf 83' lang='lat' dir='ltr'><strong>natura</strong></span> <span class='ocrx_word' id='word_1_49' title='bbox 1109 1076 1575 1144; x_wconf 66' lang='lat' dir='ltr'><strong>dubitationem</strong></span> <span class='ocrx_word' id='word_1_50' title='bbox 1620 1101 1754 1145; x_wconf 80' lang='lat' dir='ltr'><strong>non</strong></span> <span class='ocrx_word' id='word_1_51' title='bbox 1798 1084 1886 1149; x_wconf 80' lang='lat' dir='ltr'><strong>ita</strong></span> <span class='ocrx_word' id='word_1_52' title='bbox 1930 1102 2128 1166; x_wconf 84' lang='lat' dir='ltr'><strong>posse</strong></span> <span class='ocrx_word' id='word_1_53' title='bbox 2175 1085 2425 1161; x_wconf 79' lang='lat' dir='ltr'><strong>evitari,</strong></span> <span class='ocrx_word' id='word_1_54' title='bbox 2469 1090 2541 1147; x_wconf 81' lang='lat' dir='ltr'><strong>ut</strong></span> 
     </span>
     <span class='ocr_line' id='line_1_8' title="bbox 335 1178 2539 1272; baseline 0.004 -29"><span class='ocrx_word' id='word_1_55' title='bbox 335 1178 525 1245; x_wconf 69' lang='lat' dir='ltr'><strong>simul</strong></span> <span class='ocrx_word' id='word_1_56' title='bbox 592 1192 659 1244; x_wconf 85' lang='lat' dir='ltr'><strong>et</strong></span> <span class='ocrx_word' id='word_1_57' title='bbox 725 1202 934 1269; x_wconf 78' lang='lat' dir='ltr'><strong>genus</strong></span> <span class='ocrx_word' id='word_1_58' title='bbox 997 1193 1064 1246; x_wconf 85' lang='lat' dir='ltr'><strong>et</strong></span> <span class='ocrx_word' id='word_1_59' title='bbox 1129 1181 1442 1249; x_wconf 86' lang='lat' dir='ltr'><strong>elementa</strong></span> <span class='ocrx_word' id='word_1_60' title='bbox 1508 1186 1577 1247; x_wconf 91' lang='lat' dir='ltr'><strong>in</strong></span> <span class='ocrx_word' id='word_1_61' title='bbox 1643 1187 1971 1272; x_wconf 69' lang='lat' dir='ltr'><strong>principiis</strong></span> <span class='ocrx_word' id='word_1_62' title='bbox 2034 1198 2383 1270; x_wconf 78' lang='lat' dir='ltr'><strong>ponantur,</strong></span> <span class='ocrx_word' id='word_1_63' title='bbox 2454 1207 2539 1252; x_wconf 84' lang='lat' dir='ltr'><strong>eo</strong></span> 
     </span>
     <span class='ocr_line' id='line_1_9' title="bbox 337 1282 2540 1375; baseline 0.003 -28"><span class='ocrx_word' id='word_1_64' title='bbox 337 1282 744 1368; x_wconf 80' lang='lat' dir='ltr'><strong>comprobat,</strong></span> <span class='ocrx_word' id='word_1_65' title='bbox 807 1284 984 1372; x_wconf 85' lang='lat' dir='ltr'><strong>quod</strong></span> <span class='ocrx_word' id='word_1_66' title='bbox 1041 1288 1132 1349; x_wconf 84' lang='lat' dir='ltr'><strong>rei</strong></span> <span class='ocrx_word' id='word_1_67' title='bbox 1191 1285 1528 1352; x_wconf 77' lang='lat' dir='ltr'><strong>cuiuslibet</strong></span> <span class='ocrx_word' id='word_1_68' title='bbox 1582 1310 1769 1353; x_wconf 85' lang='lat' dir='ltr'><strong>unam</strong></span> <span class='ocrx_word' id='word_1_69' title='bbox 1826 1298 2133 1375; x_wconf 81' lang='lat' dir='ltr'><strong>oporteat</strong></span> <span class='ocrx_word' id='word_1_70' title='bbox 2189 1311 2329 1353; x_wconf 81' lang='lat' dir='ltr'><strong>esse</strong></span> <span class='ocrx_word' id='word_1_71' title='bbox 2383 1289 2540 1354; x_wconf 75' lang='lat' dir='ltr'><strong>defi-</strong></span> 
     </span>
     <span class='ocr_line' id='line_1_10' title="bbox 335 1374 2539 1479; baseline 0.002 -26"><span class='ocrx_word' id='word_1_72' title='bbox 335 1389 674 1465; x_wconf 79' lang='lat' dir='ltr'><strong>nitionem,</strong></span> <span class='ocrx_word' id='word_1_73' title='bbox 734 1410 894 1474; x_wconf 90' lang='lat' dir='ltr'><strong>quae</strong></span> <span class='ocrx_word' id='word_1_74' title='bbox 939 1374 1353 1454; x_wconf 80' lang='lat' dir='ltr'><strong>substantiam</strong></span> <span class='ocrx_word' id='word_1_75' title='bbox 1400 1394 1724 1476; x_wconf 73' lang='lat' dir='ltr'><strong>exprimat.</strong></span> <span class='ocrx_word' id='word_1_76' title='bbox 1800 1393 1880 1457; x_wconf 75' lang='lat' dir='ltr'><strong>cf.</strong></span> <span class='ocrx_word' id='word_1_77' title='bbox 1919 1394 2088 1479; x_wconf 83' lang='lat' dir='ltr'><strong>Top.</strong></span> <span class='ocrx_word' id='word_1_78' title='bbox 2132 1393 2222 1457; x_wconf 81' lang='lat' dir='ltr'><strong>Vl</strong></span> <span class='ocrx_word' id='word_1_79' title='bbox 2265 1395 2327 1458; x_wconf 74' lang='lat'><strong>4.</strong></span> <span class='ocrx_word' id='word_1_80' title='bbox 2376 1395 2539 1458; x_wconf 73' lang='lat' dir='ltr'><strong>141ae</strong></span> 
     </span>
     <span class='ocr_line' id='line_1_11' title="bbox 332 1489 2539 1580; baseline 0.003 -27"><span class='ocrx_word' id='word_1_81' title='bbox 332 1491 635 1554; x_wconf 76' lang='lat'>31—⁶2.</span> <span class='ocrx_word' id='word_1_82' title='bbox 707 1489 849 1555; x_wconf 80' lang='lat' dir='ltr'><strong>Alis</strong></span> <span class='ocrx_word' id='word_1_83' title='bbox 896 1504 1105 1559; x_wconf 83' lang='lat' dir='ltr'><strong>tamen</strong></span> <span class='ocrx_word' id='word_1_84' title='bbox 1152 1495 1420 1572; x_wconf 88' lang='lat' dir='ltr'><strong>ratione,</strong></span> <span class='ocrx_word' id='word_1_85' title='bbox 1463 1498 1677 1580; x_wconf 85' lang='lat' dir='ltr'><strong>prouti</strong></span> <span class='ocrx_word' id='word_1_86' title='bbox 1720 1495 1829 1561; x_wconf 80' lang='lat' dir='ltr'><strong>vel</strong></span> <span class='ocrx_word' id='word_1_87' title='bbox 1871 1497 2136 1561; x_wconf 72' lang='lat' dir='ltr'><strong>fonnem</strong></span> <span class='ocrx_word' id='word_1_88' title='bbox 2170 1496 2391 1575; x_wconf 81' lang='lat' dir='ltr'><strong>solam,</strong></span> <span class='ocrx_word' id='word_1_89' title='bbox 2434 1495 2539 1561; x_wconf 85' lang='lat' dir='ltr'><strong>vel</strong></span> 
     </span>
     <span class='ocr_line' id='line_1_12' title="bbox 333 1597 2538 1686; baseline 0.004 -29"><span class='ocrx_word' id='word_1_90' title='bbox 333 1597 738 1659; x_wconf 85' lang='lat' dir='ltr'><strong>coniunctam</strong></span> <span class='ocrx_word' id='word_1_91' title='bbox 797 1617 936 1660; x_wconf 84' lang='lat' dir='ltr'><strong>eum</strong></span> <span class='ocrx_word' id='word_1_92' title='bbox 993 1597 1196 1662; x_wconf 73' lang='lat' dir='ltr'><strong>forma</strong></span> <span class='ocrx_word' id='word_1_93' title='bbox 1253 1602 1578 1662; x_wconf 74' lang='lat' dir='ltr'><strong>materiam</strong></span> <span class='ocrx_word' id='word_1_94' title='bbox 1637 1597 2074 1685; x_wconf 71' lang='lat' dir='ltr'><strong>descripseris,</strong></span> <span class='ocrx_word' id='word_1_95' title='bbox 2133 1599 2350 1686; x_wconf 85' lang='lat' dir='ltr'><strong>plures</strong></span> <span class='ocrx_word' id='word_1_96' title='bbox 2397 1618 2538 1665; x_wconf 82' lang='lat' dir='ltr'><strong>esse</strong></span> 
     </span>
     <span class='ocr_line' id='line_1_13' title="bbox 333 1697 2538 1788; baseline 0 -25"><span class='ocrx_word' id='word_1_97' title='bbox 333 1718 531 1783; x_wconf 75' lang='lat' dir='ltr'><strong>posse</strong></span> <span class='ocrx_word' id='word_1_98' title='bbox 573 1697 853 1762; x_wconf 84' lang='lat' dir='ltr'><strong>eiusdem</strong></span> <span class='ocrx_word' id='word_1_99' title='bbox 885 1703 978 1764; x_wconf 77' lang='lat' dir='ltr'><strong>rei</strong></span> <span class='ocrx_word' id='word_1_100' title='bbox 1019 1700 1428 1766; x_wconf 75' lang='lat' dir='ltr'><strong>definitiones</strong></span> <span class='ocrx_word' id='word_1_101' title='bbox 1469 1705 1818 1787; x_wconf 72' lang='lat' dir='ltr'><strong>exponitur</strong></span> <span class='ocrx_word' id='word_1_102' title='bbox 1845 1704 1929 1767; x_wconf 86' lang='lat' dir='ltr'><em>H</em></span> <span class='ocrx_word' id='word_1_103' title='bbox 1954 1704 2018 1767; x_wconf 70' lang='lat'><strong>2.</strong></span> <span class='ocrx_word' id='word_1_104' title='bbox 2054 1704 2265 1768; x_wconf 71' lang='lat'>1043·</span> <span class='ocrx_word' id='word_1_105' title='bbox 2298 1707 2371 1768; x_wconf 75' lang='lat' dir='ltr'><em>u</em></span> <span class='ocrx_word' id='word_1_106' title='bbox 2404 1724 2538 1788; x_wconf 79' lang='lat' dir='ltr'><strong>sqq.</strong></span> 
     </span>
     <span class='ocr_line' id='line_1_14' title="bbox 335 1801 2539 1893; baseline 0.003 -29"><span class='ocrx_word' id='word_1_107' title='bbox 335 1838 420 1853; x_wconf 88' lang='lat'><em>-</em></span> <span class='ocrx_word' id='word_1_108' title='bbox 460 1801 837 1866; x_wconf 83' lang='lat' dir='ltr'><strong>Universam</strong></span> <span class='ocrx_word' id='word_1_109' title='bbox 882 1804 1045 1869; x_wconf 84' lang='lat' dir='ltr'><strong>han-c</strong></span> <span class='ocrx_word' id='word_1_110' title='bbox 1090 1809 1522 1892; x_wconf 74' lang='lat' dir='ltr'><strong>quaestionem</strong></span> <span class='ocrx_word' id='word_1_111' title='bbox 1564 1826 1699 1873; x_wconf 88' lang='lat' dir='ltr'><strong>non</strong></span> <span class='ocrx_word' id='word_1_112' title='bbox 1739 1806 1974 1873; x_wconf 84' lang='lat' dir='ltr'><strong>diserte</strong></span> <span class='ocrx_word' id='word_1_113' title='bbox 2011 1806 2264 1893; x_wconf 87' lang='lat' dir='ltr'><strong>quidem</strong></span> <span class='ocrx_word' id='word_1_114' title='bbox 2297 1809 2539 1871; x_wconf 81' lang='lat' dir='ltr'><strong>Ariste·</strong></span> 
     </span>
     <span class='ocr_line' id='line_1_15' title="bbox 333 1903 2537 1991; baseline 0.002 -23"><span class='ocrx_word' id='word_1_115' title='bbox 333 1903 496 1969; x_wconf 86' lang='lat' dir='ltr'><strong>teles</strong></span> <span class='ocrx_word' id='word_1_116' title='bbox 545 1915 924 1991; x_wconf 71' lang='lat' dir='ltr'><strong>pertractat,</strong></span> <span class='ocrx_word' id='word_1_117' title='bbox 981 1907 1095 1972; x_wconf 84' lang='lat' dir='ltr'><strong>sed</strong></span> <span class='ocrx_word' id='word_1_118' title='bbox 1152 1928 1288 1972; x_wconf 81' lang='lat' dir='ltr'><strong>eam</strong></span> <span class='ocrx_word' id='word_1_119' title='bbox 1335 1906 1503 1973; x_wconf 77' lang='lat' dir='ltr'><strong>baud</strong></span> <span class='ocrx_word' id='word_1_120' title='bbox 1544 1913 1681 1974; x_wconf 85' lang='lat' dir='ltr'><strong>scio</strong></span> <span class='ocrx_word' id='word_1_121' title='bbox 1726 1931 1811 1974; x_wconf 88' lang='lat' dir='ltr'><strong>an</strong></span> <span class='ocrx_word' id='word_1_122' title='bbox 1852 1910 2122 1975; x_wconf 83' lang='lat' dir='ltr'><strong>solvisse</strong></span> <span class='ocrx_word' id='word_1_123' title='bbox 2162 1922 2371 1975; x_wconf 83' lang='lat' dir='ltr'><strong>tamen</strong></span> <span class='ocrx_word' id='word_1_124' title='bbox 2414 1910 2537 1973; x_wconf 74' lang='lat' dir='ltr'><strong>sibi</strong></span> 
     </span>
     <span class='ocr_line' id='line_1_16' title="bbox 330 2008 2540 2099; baseline 0.002 -28"><span class='ocrx_word' id='word_1_125' title='bbox 330 2012 506 2074; x_wconf 78' lang='lat' dir='ltr'><strong>visus</strong></span> <span class='ocrx_word' id='word_1_126' title='bbox 547 2012 660 2086; x_wconf 80' lang='lat' dir='ltr'><strong>sit,</strong></span> <span class='ocrx_word' id='word_1_127' title='bbox 717 2008 826 2075; x_wconf 88' lang='lat' dir='ltr'><strong>ubi</strong></span> <span class='ocrx_word' id='word_1_128' title='bbox 870 2009 952 2074; x_wconf 87' lang='lat' dir='ltr'><strong>de</strong></span> <span class='ocrx_word' id='word_1_129' title='bbox 994 2032 1236 2099; x_wconf 80' lang='lat' dir='ltr'><strong>genere</strong></span> <span class='ocrx_word' id='word_1_130' title='bbox 1279 2034 1429 2077; x_wconf 90' lang='lat' dir='ltr'><strong>num</strong></span> <span class='ocrx_word' id='word_1_131' title='bbox 1475 2033 1595 2098; x_wconf 86' lang='lat' dir='ltr'><strong>pro</strong></span> <span class='ocrx_word' id='word_1_132' title='bbox 1641 2012 1992 2078; x_wconf 71' lang='lat' dir='ltr'><strong>substantia</strong></span> <span class='ocrx_word' id='word_1_133' title='bbox 2036 2013 2398 2080; x_wconf 83' lang='lat' dir='ltr'><strong>habendum</strong></span> <span class='ocrx_word' id='word_1_134' title='bbox 2442 2017 2540 2090; x_wconf 79' lang='lat' dir='ltr'><strong>sit,</strong></span> 
     </span>
     <span class='ocr_line' id='line_1_17' title="bbox 332 2106 2542 2203; baseline 0.001 -26"><span class='ocrx_word' id='word_1_135' title='bbox 332 2112 399 2177; x_wconf 84' lang='grc' dir='ltr'><em>Ζ</em></span> <span class='ocrx_word' id='word_1_136' title='bbox 426 2114 526 2190; x_wconf 87' lang='grc'><strong>13,</strong></span> <span class='ocrx_word' id='word_1_137' title='bbox 573 2124 638 2178; x_wconf 85' lang='lat' dir='ltr'><strong>et</strong></span> <span class='ocrx_word' id='word_1_138' title='bbox 681 2117 944 2179; x_wconf 82' lang='lat' dir='ltr'><strong>omnino</strong></span> <span class='ocrx_word' id='word_1_139' title='bbox 988 2113 1071 2179; x_wconf 89' lang='lat' dir='ltr'><strong>de</strong></span> <span class='ocrx_word' id='word_1_140' title='bbox 1114 2118 1210 2199; x_wconf 70' lang='grc' dir='ltr'><strong>τῷ</strong></span> <span class='ocrx_word' id='word_1_141' title='bbox 1251 2119 1315 2180; x_wconf 79' lang='grc' dir='ltr'><strong>τί</strong></span> <span class='ocrx_word' id='word_1_142' title='bbox 1357 2106 1443 2195; x_wconf 85' lang='grc' dir='ltr'><strong>ἦν</strong></span> <span class='ocrx_word' id='word_1_143' title='bbox 1487 2112 1657 2181; x_wconf 76' lang='grc' dir='ltr'><strong><em>εἶναι</em></strong></span> <span class='ocrx_word' id='word_1_144' title='bbox 1700 2120 1963 2203; x_wconf 84' lang='lat' dir='ltr'><strong>eiusque</strong></span> <span class='ocrx_word' id='word_1_145' title='bbox 2000 2136 2141 2180; x_wconf 88' lang='lat' dir='ltr'><strong>cum</strong></span> <span class='ocrx_word' id='word_1_146' title='bbox 2177 2118 2439 2183; x_wconf 71' lang='lat' dir='ltr'><strong>materia</strong></span> <span class='ocrx_word' id='word_1_147' title='bbox 2475 2124 2542 2180; x_wconf 82' lang='lat' dir='ltr'><strong>et</strong></span> 
     </span>
     <span class='ocr_line' id='line_1_18' title="bbox 333 2217 2078 2304; baseline 0 -22"><span class='ocrx_word' id='word_1_148' title='bbox 333 2220 792 2283; x_wconf 79' lang='lat' dir='ltr'><strong>com‘unetione</strong></span> <span class='ocrx_word' id='word_1_149' title='bbox 833 2228 904 2282; x_wconf 79' lang='lat' dir='ltr'><strong>et</strong></span> <span class='ocrx_word' id='word_1_150' title='bbox 947 2217 1312 2285; x_wconf 81' lang='lat' dir='ltr'><strong>discrim‘me</strong></span> <span class='ocrx_word' id='word_1_151' title='bbox 1355 2218 1653 2304; x_wconf 83' lang='lat' dir='ltr'><strong>disputat,</strong></span> <span class='ocrx_word' id='word_1_152' title='bbox 1695 2218 1875 2285; x_wconf 85' lang='lat' dir='ltr'><strong>libris</strong></span> <span class='ocrx_word' id='word_1_153' title='bbox 1920 2220 2078 2284; x_wconf 85' lang='lat' dir='ltr'><strong>ZH.</strong></span> 
     </span>
    </p>
   </div>
   <div class='ocr_carea' id='block_1_3' title="bbox 705 2409 2178 2497">
    <p class='ocr_par' dir='ltr' id='par_1_5' title="bbox 705 2409 2178 2497">
     <span class='ocr_line' id='line_1_19' title="bbox 705 2409 2178 2497; baseline 0.001 -22"><span class='ocrx_word' id='word_1_154' title='bbox 705 2409 1024 2487; x_wconf 67' lang='lat' dir='ltr'><strong>Quaestio</strong></span> <span class='ocrx_word' id='word_1_155' title='bbox 1067 2414 1364 2497; x_wconf 68' lang='lat' dir='ltr'><strong>septima.</strong></span> <span class='ocrx_word' id='word_1_156' title='bbox 1451 2412 1615 2479; x_wconf 68' lang='lat'><strong>998⁶</strong></span> <span class='ocrx_word' id='word_1_157' title='bbox 1653 2413 1736 2483; x_wconf 81' lang='lat'><strong>14</strong></span> <span class='ocrx_word' id='word_1_158' title='bbox 1758 2449 1846 2460; x_wconf 94' lang='lat'><strong>—</strong></span> <span class='ocrx_word' id='word_1_159' title='bbox 1867 2412 2036 2479; x_wconf 66' lang='lat'><strong>9990</strong></span> <span class='ocrx_word' id='word_1_160' title='bbox 2072 2411 2178 2477; x_wconf 79' lang='lat'><strong>23.</strong></span> 
     </span>
    </p>
   </div>
   <div class='ocr_carea' id='block_1_4' title="bbox 331 2527 2539 2724">
    <p class='ocr_par' dir='ltr' id='par_1_6' title="bbox 331 2527 2539 2724">
     <span class='ocr_line' id='line_1_20' title="bbox 467 2527 2539 2619; baseline -0.001 -26"><span class='ocrx_word' id='word_1_161' title='bbox 467 2527 535 2593; x_wconf 88' lang='lat' dir='ltr'><strong>Si</strong></span> <span class='ocrx_word' id='word_1_162' title='bbox 575 2547 701 2615; x_wconf 84' lang='lat' dir='ltr'><strong>pro</strong></span> <span class='ocrx_word' id='word_1_163' title='bbox 749 2550 1057 2595; x_wconf 84' lang='lat' dir='ltr'><strong>concesso</strong></span> <span class='ocrx_word' id='word_1_164' title='bbox 1100 2540 1386 2598; x_wconf 86' lang='lat' dir='ltr'><strong>sumatur</strong></span> <span class='ocrx_word' id='word_1_165' title='bbox 1427 2550 1667 2619; x_wconf 80' lang='lat' dir='ltr'><strong>genera</strong></span> <span class='ocrx_word' id='word_1_166' title='bbox 1708 2551 1848 2596; x_wconf 86' lang='lat' dir='ltr'><strong>esse</strong></span> <span class='ocrx_word' id='word_1_167' title='bbox 1883 2529 2185 2617; x_wconf 78' lang='lat' dir='ltr'><strong>ponenda</strong></span> <span class='ocrx_word' id='word_1_168' title='bbox 2222 2537 2539 2613; x_wconf 78' lang='lat' dir='ltr'><strong>tamquam</strong></span> 
     </span>
     <span class='ocr_line' id='line_1_21' title="bbox 331 2634 2539 2724; baseline 0 -27"><span class='ocrx_word' id='word_1_169' title='bbox 331 2636 646 2719; x_wconf 79' lang='lat' dir='ltr'><strong>principia</strong></span> <span class='ocrx_word' id='word_1_170' title='bbox 692 2654 915 2712; x_wconf 86' lang='lat' dir='ltr'><strong>rerum,</strong></span> <span class='ocrx_word' id='word_1_171' title='bbox 957 2638 1283 2720; x_wconf 84' lang='lat' dir='ltr'><strong>quaeritur</strong></span> <span class='ocrx_word' id='word_1_172' title='bbox 1327 2656 1492 2721; x_wconf 86' lang='lat' dir='ltr'><strong>quae</strong></span> <span class='ocrx_word' id='word_1_173' title='bbox 1528 2657 1768 2724; x_wconf 83' lang='lat' dir='ltr'><strong>genera</strong></span> <span class='ocrx_word' id='word_1_174' title='bbox 1807 2634 2106 2721; x_wconf 80' lang='lat' dir='ltr'><strong>ponenda</strong></span> <span class='ocrx_word' id='word_1_175' title='bbox 2144 2637 2286 2711; x_wconf 83' lang='lat' dir='ltr'><strong>sint,</strong></span> <span class='ocrx_word' id='word_1_176' title='bbox 2332 2642 2539 2698; x_wconf 85' lang='lat' dir='ltr'><strong>utrum</strong></span> 
     </span>
    </p>
   </div>
   <div class='ocr_carea' id='block_1_5' title="bbox 333 2735 2671 2826">
    <p class='ocr_par' dir='ltr' id='par_1_7' title="bbox 333 2735 2671 2826">
     <span class='ocr_line' id='line_1_22' title="bbox 333 2735 2671 2826; baseline -0.001 -26"><span class='ocrx_word' id='word_1_177' title='bbox 333 2757 574 2801; x_wconf 77' lang='lat' dir='ltr'><strong>summa</strong></span> <span class='ocrx_word' id='word_1_178' title='bbox 617 2748 684 2801; x_wconf 89' lang='lat' dir='ltr'><strong>et</strong></span> <span class='ocrx_word' id='word_1_179' title='bbox 725 2740 988 2802; x_wconf 77' lang='lat' dir='ltr'><strong>maxime</strong></span> <span class='ocrx_word' id='word_1_180' title='bbox 1031 2738 1425 2819; x_wconf 71' lang='lat' dir='ltr'><strong>universalia,</strong></span> <span class='ocrx_word' id='word_1_181' title='bbox 1472 2761 1554 2804; x_wconf 86' lang='lat' dir='ltr'><strong>an</strong></span> <span class='ocrx_word' id='word_1_182' title='bbox 1591 2761 1665 2804; x_wconf 87' lang='lat' dir='ltr'><strong>ea</strong></span> <span class='ocrx_word' id='word_1_183' title='bbox 1703 2761 1865 2825; x_wconf 88' lang='lat' dir='ltr'><strong>quae</strong></span> <span class='ocrx_word' id='word_1_184' title='bbox 1896 2742 2193 2826; x_wconf 82' lang='lat' dir='ltr'><strong>proxime.</strong></span> <span class='ocrx_word' id='word_1_185' title='bbox 2226 2735 2309 2800; x_wconf 84' lang='lat' dir='ltr'><strong>de</strong></span> <span class='ocrx_word' id='word_1_186' title='bbox 2346 2735 2542 2799; x_wconf 76' lang='lat' dir='ltr'><strong>rebus</strong></span> <span class='ocrx_word' id='word_1_187' title='bbox 2654 2761 2671 2770; x_wconf 83' lang='grc'><strong>-</strong></span> 
     </span>
    </p>
   </div>
   <div class='ocr_carea' id='block_1_6' title="bbox 333 2838 2548 4273">
    <p class='ocr_par' dir='ltr' id='par_1_8' title="bbox 333 2838 2548 4273">
     <span class='ocr_line' id='line_1_23' title="bbox 333 2838 2383 2927; baseline -0 -22"><span class='ocrx_word' id='word_1_188' title='bbox 333 2838 760 2927; x_wconf 73' lang='lat' dir='ltr'><strong>singularibus</strong></span> <span class='ocrx_word' id='word_1_189' title='bbox 805 2840 1248 2927; x_wconf 74' lang='lat' dir='ltr'><strong>praedicantur</strong></span> <span class='ocrx_word' id='word_1_190' title='bbox 1294 2854 1359 2908; x_wconf 86' lang='lat' dir='ltr'><strong>et</strong></span> <span class='ocrx_word' id='word_1_191' title='bbox 1401 2864 1520 2909; x_wconf 87' lang='lat' dir='ltr'><strong>suo</strong></span> <span class='ocrx_word' id='word_1_192' title='bbox 1568 2846 1828 2908; x_wconf 84' lang='lat' dir='ltr'><strong>nomine</strong></span> <span class='ocrx_word' id='word_1_193' title='bbox 1872 2841 2010 2922; x_wconf 72' lang='grc' dir='ltr'><strong>εἴδη</strong></span> <span class='ocrx_word' id='word_1_194' title='bbox 2053 2851 2383 2908; x_wconf 77' lang='lat' dir='ltr'><strong>vocantur.</strong></span> 
     </span>
     <span class='ocr_line' id='line_1_24' title="bbox 470 2945 2542 3034; baseline -0.002 -25"><span class='ocrx_word' id='word_1_195' title='bbox 470 2945 756 3009; x_wconf 85' lang='lat' dir='ltr'><strong>Thesis</strong></span> <span class='ocrx_word' id='word_1_196' title='bbox 800 2947 962 3011; x_wconf 65' lang='grc' dir='ltr'><strong>9981ο</strong></span> <span class='ocrx_word' id='word_1_197' title='bbox 993 2949 1356 3012; x_wconf 70' lang='lat'>14—999·</span> <span class='ocrx_word' id='word_1_198' title='bbox 1385 2948 1443 3011; x_wconf 90' lang='lat'><strong>1.</strong></span> <span class='ocrx_word' id='word_1_199' title='bbox 1510 2947 1581 3011; x_wconf 88' lang='lat' dir='ltr'><strong>Si</strong></span> <span class='ocrx_word' id='word_1_200' title='bbox 1618 2956 1957 3032; x_wconf 83' lang='lat' dir='ltr'><strong>propterea</strong></span> <span class='ocrx_word' id='word_1_201' title='bbox 1995 2967 2232 3034; x_wconf 79' lang='lat' dir='ltr'><strong>genera</strong></span> <span class='ocrx_word' id='word_1_202' title='bbox 2270 2948 2337 3008; x_wconf 90' lang='lat' dir='ltr'><strong>in</strong></span> <span class='ocrx_word' id='word_1_203' title='bbox 2368 2946 2542 3030; x_wconf 82' lang='lat' dir='ltr'><strong>prin·</strong></span> 
     </span>
     <span class='ocr_line' id='line_1_25' title="bbox 333 3049 2543 3137; baseline -0.003 -24"><span class='ocrx_word' id='word_1_204' title='bbox 333 3051 520 3135; x_wconf 82' lang='lat' dir='ltr'><strong>cipiis</strong></span> <span class='ocrx_word' id='word_1_205' title='bbox 562 3059 916 3134; x_wconf 87' lang='lat' dir='ltr'><strong>ponuntur,</strong></span> <span class='ocrx_word' id='word_1_206' title='bbox 973 3049 1146 3137; x_wconf 90' lang='lat' dir='ltr'><strong>quod</strong></span> <span class='ocrx_word' id='word_1_207' title='bbox 1191 3055 1455 3118; x_wconf 80' lang='lat' dir='ltr'><strong>maxime</strong></span> <span class='ocrx_word' id='word_1_208' title='bbox 1497 3061 1649 3115; x_wconf 82' lang='lat' dir='ltr'><strong>sunt</strong></span> <span class='ocrx_word' id='word_1_209' title='bbox 1690 3050 2097 3126; x_wconf 73' lang='lat' dir='ltr'><strong>universalia,</strong></span> <span class='ocrx_word' id='word_1_210' title='bbox 2145 3069 2382 3114; x_wconf 86' lang='lat' dir='ltr'><strong>summa</strong></span> <span class='ocrx_word' id='word_1_211' title='bbox 2427 3066 2543 3131; x_wconf 89' lang='lat' dir='ltr'><strong>po-</strong></span> 
     </span>
     <span class='ocr_line' id='line_1_26' title="bbox 335 3143 2544 3239; baseline -0.002 -22"><span class='ocrx_word' id='word_1_212' title='bbox 335 3143 640 3218; x_wconf 80' lang='lat' dir='ltr'><strong>tissimum</strong></span> <span class='ocrx_word' id='word_1_213' title='bbox 695 3173 936 3239; x_wconf 81' lang='lat' dir='ltr'><strong>genera</strong></span> <span class='ocrx_word' id='word_1_214' title='bbox 992 3157 1156 3239; x_wconf 83' lang='lat' dir='ltr'><strong>poni</strong></span> <span class='ocrx_word' id='word_1_215' title='bbox 1209 3164 1706 3220; x_wconf 84' lang='lat' dir='ltr'><strong>consentaneum</strong></span> <span class='ocrx_word' id='word_1_216' title='bbox 1769 3165 1879 3220; x_wconf 88' lang='lat' dir='ltr'><strong>est.</strong></span> <span class='ocrx_word' id='word_1_217' title='bbox 1967 3153 2125 3220; x_wconf 87' lang='lat' dir='ltr'><strong>Inde</strong></span> <span class='ocrx_word' id='word_1_218' title='bbox 2172 3150 2358 3217; x_wconf 75' lang='lat' dir='ltr'><strong>facile</strong></span> <span class='ocrx_word' id='word_1_219' title='bbox 2400 3171 2544 3236; x_wconf 88' lang='lat' dir='ltr'><strong>per-</strong></span> 
     </span>
     <span class='ocr_line' id='line_1_27' title="bbox 334 3252 2541 3344; baseline -0.001 -26"><span class='ocrx_word' id='word_1_220' title='bbox 334 3259 590 3319; x_wconf 81' lang='lat' dir='ltr'><strong>venitur</strong></span> <span class='ocrx_word' id='word_1_221' title='bbox 629 3254 711 3319; x_wconf 84' lang='lat' dir='ltr'><strong>ad</strong></span> <span class='ocrx_word' id='word_1_222' title='bbox 757 3259 1136 3322; x_wconf 76' lang='lat' dir='ltr'><strong>sententiam</strong></span> <span class='ocrx_word' id='word_1_223' title='bbox 1181 3280 1430 3334; x_wconf 86' lang='lat' dir='ltr'><strong>eorum,</strong></span> <span class='ocrx_word' id='word_1_224' title='bbox 1476 3262 1581 3344; x_wconf 90' lang='lat' dir='ltr'><strong>qui</strong></span> <span class='ocrx_word' id='word_1_225' title='bbox 1623 3253 1704 3323; x_wconf 78' lang='grc' dir='ltr'><strong>τὰ</strong></span> <span class='ocrx_word' id='word_1_226' title='bbox 1749 3252 1829 3323; x_wconf 80' lang='grc' dir='ltr'><strong>ὅν</strong></span> <span class='ocrx_word' id='word_1_227' title='bbox 1874 3265 1940 3321; x_wconf 79' lang='lat' dir='ltr'><strong>et</strong></span> <span class='ocrx_word' id='word_1_228' title='bbox 1982 3252 2059 3323; x_wconf 83' lang='grc' dir='ltr'><strong>τὸ</strong></span> <span class='ocrx_word' id='word_1_229' title='bbox 2106 3261 2199 3334; x_wconf 70' lang='grc' dir='ltr'><strong>ἓν,</strong></span> <span class='ocrx_word' id='word_1_230' title='bbox 2244 3257 2541 3341; x_wconf 85' lang='lat' dir='ltr'><strong>quoniam</strong></span> 
     </span>
     <span class='ocr_line' id='line_1_28' title="bbox 335 3359 2546 3445; baseline -0.001 -24"><span class='ocrx_word' id='word_1_231' title='bbox 335 3362 601 3422; x_wconf 84' lang='lat' dir='ltr'><strong>maxime</strong></span> <span class='ocrx_word' id='word_1_232' title='bbox 647 3359 1088 3424; x_wconf 84' lang='lat' dir='ltr'><strong>universaliter</strong></span> <span class='ocrx_word' id='word_1_233' title='bbox 1132 3360 1427 3425; x_wconf 87' lang='lat' dir='ltr'><strong>omnibus</strong></span> <span class='ocrx_word' id='word_1_234' title='bbox 1470 3361 1663 3425; x_wconf 84' lang='lat' dir='ltr'><strong>rebus</strong></span> <span class='ocrx_word' id='word_1_235' title='bbox 1708 3359 2091 3437; x_wconf 86' lang='lat' dir='ltr'><strong>tribuuntur,</strong></span> <span class='ocrx_word' id='word_1_236' title='bbox 2136 3361 2446 3445; x_wconf 82' lang='lat' dir='ltr'><strong>principia</strong></span> <span class='ocrx_word' id='word_1_237' title='bbox 2481 3366 2546 3420; x_wconf 86' lang='lat' dir='ltr'><strong>et</strong></span> 
     </span>
     <span class='ocr_line' id='line_1_29' title="bbox 335 3461 2547 3546; baseline -0.001 -21"><span class='ocrx_word' id='word_1_238' title='bbox 335 3461 722 3526; x_wconf 73' lang='lat' dir='ltr'><strong>substantias</strong></span> <span class='ocrx_word' id='word_1_239' title='bbox 769 3483 910 3527; x_wconf 83' lang='lat' dir='ltr'><strong>ease</strong></span> <span class='ocrx_word' id='word_1_240' title='bbox 953 3473 1325 3528; x_wconf 82' lang='lat' dir='ltr'><strong>statuerunt.</strong></span> <span class='ocrx_word' id='word_1_241' title='bbox 1415 3464 1501 3528; x_wconf 86' lang='lat' dir='ltr'><strong>At</strong></span> <span class='ocrx_word' id='word_1_242' title='bbox 1557 3483 1671 3527; x_wconf 84' lang='lat' dir='ltr'><strong>ens</strong></span> <span class='ocrx_word' id='word_1_243' title='bbox 1730 3474 1795 3526; x_wconf 80' lang='lat' dir='ltr'><strong>et</strong></span> <span class='ocrx_word' id='word_1_244' title='bbox 1849 3483 2040 3526; x_wconf 88' lang='lat' dir='ltr'><strong>unum</strong></span> <span class='ocrx_word' id='word_1_245' title='bbox 2093 3472 2231 3526; x_wconf 85' lang='lat' dir='ltr'><strong>non&#39;</strong></span> <span class='ocrx_word' id='word_1_246' title='bbox 2274 3471 2547 3546; x_wconf 83' lang='lat' dir='ltr'><strong>possunt</strong></span> 
     </span>
     <span class='ocr_line' id='line_1_30' title="bbox 334 3563 2546 3652; baseline -0.002 -23"><span class='ocrx_word' id='word_1_247' title='bbox 334 3587 455 3651; x_wconf 85' lang='lat' dir='ltr'><strong>pro</strong></span> <span class='ocrx_word' id='word_1_248' title='bbox 500 3564 844 3652; x_wconf 78' lang='lat' dir='ltr'><strong>generibus</strong></span> <span class='ocrx_word' id='word_1_249' title='bbox 887 3588 1096 3631; x_wconf 89' lang='lat' dir='ltr'><strong>rerum</strong></span> <span class='ocrx_word' id='word_1_250' title='bbox 1144 3566 1382 3631; x_wconf 86' lang='lat' dir='ltr'><strong>haberi.</strong></span> <span class='ocrx_word' id='word_1_251' title='bbox 1461 3567 1771 3630; x_wconf 76' lang='lat' dir='ltr'><strong>Nimirum</strong></span> <span class='ocrx_word' id='word_1_252' title='bbox 1816 3568 1872 3629; x_wconf 82' lang='lat' dir='ltr'><strong>si</strong></span> <span class='ocrx_word' id='word_1_253' title='bbox 1919 3566 2127 3629; x_wconf 86' lang='lat' dir='ltr'><strong>diviso</strong></span> <span class='ocrx_word' id='word_1_254' title='bbox 2176 3563 2387 3649; x_wconf 86' lang='lat' dir='ltr'><strong>aliquo</strong></span> <span class='ocrx_word' id='word_1_255' title='bbox 2435 3582 2546 3648; x_wconf 80' lang='lat' dir='ltr'><strong>ge·-</strong></span> 
     </span>
     <span class='ocr_line' id='line_1_31' title="bbox 335 3663 2548 3756; baseline -0.003 -21"><span class='ocrx_word' id='word_1_256' title='bbox 335 3690 493 3735; x_wconf 86' lang='lat' dir='ltr'><strong>nere</strong></span> <span class='ocrx_word' id='word_1_257' title='bbox 551 3689 672 3755; x_wconf 88' lang='lat' dir='ltr'><strong>per</strong></span> <span class='ocrx_word' id='word_1_258' title='bbox 724 3667 1120 3734; x_wconf 79' lang='lat' dir='ltr'><strong>differentias</strong></span> <span class='ocrx_word' id='word_1_259' title='bbox 1164 3669 1494 3756; x_wconf 81' lang='lat' dir='ltr'><strong>specificas</strong></span> <span class='ocrx_word' id='word_1_260' title='bbox 1538 3674 1604 3734; x_wconf 89' lang='lat' dir='ltr'><strong>in</strong></span> <span class='ocrx_word' id='word_1_261' title='bbox 1650 3692 1797 3734; x_wconf 86' lang='lat' dir='ltr'><strong>suas</strong></span> <span class='ocrx_word' id='word_1_262' title='bbox 1840 3671 2120 3755; x_wconf 78' lang='lat' dir='ltr'><strong>species,</strong></span> <span class='ocrx_word' id='word_1_263' title='bbox 2174 3665 2318 3731; x_wconf 85' lang='lat' dir='ltr'><strong>illas</strong></span> <span class='ocrx_word' id='word_1_264' title='bbox 2364 3663 2548 3730; x_wconf 72' lang='lat' dir='ltr'><strong>diffe-</strong></span> 
     </span>
     <span class='ocr_line' id='line_1_32' title="bbox 335 3769 2545 3859; baseline -0.002 -20"><span class='ocrx_word' id='word_1_265' title='bbox 335 3776 577 3840; x_wconf 77' lang='lat' dir='ltr'><strong>rentias</strong></span> <span class='ocrx_word' id='word_1_266' title='bbox 619 3794 743 3858; x_wconf 89' lang='lat' dir='ltr'><strong>per</strong></span> <span class='ocrx_word' id='word_1_267' title='bbox 780 3794 852 3837; x_wconf 87' lang='lat' dir='ltr'><strong>se</strong></span> <span class='ocrx_word' id='word_1_268' title='bbox 895 3777 1295 3859; x_wconf 78' lang='lat' dir='ltr'><strong>spectaveris,</strong></span> <span class='ocrx_word' id='word_1_269' title='bbox 1340 3774 1422 3838; x_wconf 88' lang='lat' dir='ltr'><strong>de</strong></span> <span class='ocrx_word' id='word_1_270' title='bbox 1466 3776 1543 3838; x_wconf 88' lang='lat' dir='ltr'><strong>iis</strong></span> <span class='ocrx_word' id='word_1_271' title='bbox 1585 3795 1705 3837; x_wconf 71' lang='lat' dir='ltr'><strong>nec</strong></span> <span class='ocrx_word' id='word_1_272' title='bbox 1737 3775 1981 3859; x_wconf 84' lang='lat' dir='ltr'><strong>species</strong></span> <span class='ocrx_word' id='word_1_273' title='bbox 2015 3769 2367 3857; x_wconf 85' lang='lat' dir='ltr'><strong>praedicari</strong></span> <span class='ocrx_word' id='word_1_274' title='bbox 2400 3779 2545 3855; x_wconf 81' lang='lat' dir='ltr'><strong>pot·</strong></span> 
     </span>
     <span class='ocr_line' id='line_1_33' title="bbox 338 3872 2544 3965; baseline -0 -24"><span class='ocrx_word' id='word_1_275' title='bbox 338 3887 438 3942; x_wconf 78' lang='lat' dir='ltr'><strong>est</strong></span> <span class='ocrx_word' id='word_1_276' title='bbox 481 3898 604 3941; x_wconf 82' lang='lat' dir='ltr'><strong>nec</strong></span> <span class='ocrx_word' id='word_1_277' title='bbox 644 3897 867 3965; x_wconf 75' lang='lat' dir='ltr'><strong>genus,</strong></span> <span class='ocrx_word' id='word_1_278' title='bbox 911 3881 1212 3963; x_wconf 84' lang='lat' dir='ltr'><strong>quoniam</strong></span> <span class='ocrx_word' id='word_1_279' title='bbox 1259 3879 1637 3956; x_wconf 76' lang='lat' dir='ltr'><strong>differentia,</strong></span> <span class='ocrx_word' id='word_1_280' title='bbox 1682 3877 1919 3943; x_wconf 81' lang='lat' dir='ltr'><strong>adscita</strong></span> <span class='ocrx_word' id='word_1_281' title='bbox 1965 3879 2251 3941; x_wconf 83' lang='lat' dir='ltr'><strong>nimirum</strong></span> <span class='ocrx_word' id='word_1_282' title='bbox 2298 3895 2373 3938; x_wconf 84' lang='lat' dir='ltr'><strong>ex</strong></span> <span class='ocrx_word' id='word_1_283' title='bbox 2414 3872 2544 3940; x_wconf 71' lang='lat' dir='ltr'><strong>alio</strong></span> 
     </span>
     <span class='ocr_line' id='line_1_34' title="bbox 337 3977 2547 4071; baseline -0.003 -25"><span class='ocrx_word' id='word_1_284' title='bbox 337 4001 582 4071; x_wconf 76' lang='lat' dir='ltr'><strong>genere</strong></span> <span class='ocrx_word' id='word_1_285' title='bbox 625 3993 818 4066; x_wconf 88' lang='lat' dir='ltr'><strong>atque</strong></span> <span class='ocrx_word' id='word_1_286' title='bbox 858 3980 925 4044; x_wconf 91' lang='lat' dir='ltr'><strong>id</strong></span> <span class='ocrx_word' id='word_1_287' title='bbox 973 3992 1074 4046; x_wconf 86' lang='lat' dir='ltr'><strong>est</strong></span> <span class='ocrx_word' id='word_1_288' title='bbox 1113 4005 1347 4071; x_wconf 83' lang='lat' dir='ltr'><strong>genus,</strong></span> <span class='ocrx_word' id='word_1_289' title='bbox 1393 3982 1474 4046; x_wconf 89' lang='lat' dir='ltr'><strong>ad</strong></span> <span class='ocrx_word' id='word_1_290' title='bbox 1520 3981 1693 4068; x_wconf 84' lang='lat' dir='ltr'><strong>quod</strong></span> <span class='ocrx_word' id='word_1_291' title='bbox 1740 3979 2151 4046; x_wconf 80' lang='lat' dir='ltr'><strong>dividendum</strong></span> <span class='ocrx_word' id='word_1_292' title='bbox 2196 3977 2547 4054; x_wconf 80' lang='lat' dir='ltr'><strong>adhibetur,</strong></span> 
     </span>
     <span class='ocr_line' id='line_1_35' title="bbox 339 4082 2545 4172; baseline -0.003 -21"><span class='ocrx_word' id='word_1_293' title='bbox 339 4098 408 4151; x_wconf 83' lang='lat' dir='ltr'><strong>et</strong></span> <span class='ocrx_word' id='word_1_294' title='bbox 449 4088 666 4172; x_wconf 84' lang='lat' dir='ltr'><strong>specie</strong></span> <span class='ocrx_word' id='word_1_295' title='bbox 711 4094 779 4148; x_wconf 88' lang='lat' dir='ltr'><strong>et</strong></span> <span class='ocrx_word' id='word_1_296' title='bbox 822 4106 1060 4172; x_wconf 76' lang='lat' dir='ltr'><strong>genere</strong></span> <span class='ocrx_word' id='word_1_297' title='bbox 1093 4086 1284 4151; x_wconf 81' lang='lat' dir='ltr'><strong>latins</strong></span> <span class='ocrx_word' id='word_1_298' title='bbox 1315 4096 1534 4172; x_wconf 81' lang='lat' dir='ltr'><strong>potest</strong></span> <span class='ocrx_word' id='word_1_299' title='bbox 1565 4098 1805 4172; x_wconf 78' lang='lat' dir='ltr'><strong>patere,</strong></span> <span class='ocrx_word' id='word_1_300' title='bbox 1850 4084 1929 4149; x_wconf 85' lang='lat' dir='ltr'><strong>cl&#39;.</strong></span> <span class='ocrx_word' id='word_1_301' title='bbox 1964 4086 2131 4171; x_wconf 86' lang='lat' dir='ltr'><strong>Top.</strong></span> <span class='ocrx_word' id='word_1_302' title='bbox 2157 4084 2252 4147; x_wconf 86' lang='lat' dir='ltr'><strong>Vl</strong></span> <span class='ocrx_word' id='word_1_303' title='bbox 2283 4085 2343 4147; x_wconf 84' lang='lat'><strong>6.</strong></span> <span class='ocrx_word' id='word_1_304' title='bbox 2382 4082 2545 4146; x_wconf 74' lang='lat'><strong>144-</strong></span> 
     </span>
     <span class='ocr_line' id='line_1_36' title="bbox 336 4183 2544 4273; baseline -0.003 -17"><span class='ocrx_word' id='word_1_305' title='bbox 336 4192 684 4256; x_wconf 67' lang='lat'><strong>32—1111.</strong></span> <span class='ocrx_word' id='word_1_306' title='bbox 760 4189 874 4268; x_wconf 90' lang='lat' dir='ltr'><strong>(ln</strong></span> <span class='ocrx_word' id='word_1_307' title='bbox 920 4189 1158 4254; x_wconf 81' lang='lat' dir='ltr'><strong>verbis:</strong></span> <span class='ocrx_word' id='word_1_308' title='bbox 1201 4184 1282 4253; x_wconf 84' lang='grc' dir='ltr'><strong>τὸ</strong></span> <span class='ocrx_word' id='word_1_309' title='bbox 1324 4193 1514 4273; x_wconf 69' lang='grc' dir='ltr'><strong><em>γένος</em></strong></span> <span class='ocrx_word' id='word_1_310' title='bbox 1556 4183 1717 4254; x_wconf 76' lang='grc' dir='ltr'><strong>ἄνευ</strong></span> <span class='ocrx_word' id='word_1_311' title='bbox 1758 4189 1889 4254; x_wconf 75' lang='grc' dir='ltr'><strong>τῶν</strong></span> <span class='ocrx_word' id='word_1_312' title='bbox 1932 4185 2140 4252; x_wconf 69' lang='grc' dir='ltr'>αὐτοῦ</span> <span class='ocrx_word' id='word_1_313' title='bbox 2183 4187 2370 4251; x_wconf 67' lang='grc' dir='ltr'><em>εἱδῶν</em></span> <span class='ocrx_word' id='word_1_314' title='bbox 2410 4183 2544 4250; x_wconf 71' lang='grc' dir='ltr'><strong>ὄ25</strong></span> 
     </span>
    </p>
   </div>
   <div class='ocr_carea' id='block_1_7' title="bbox 212 4290 2545 4380">
    <p class='ocr_par' dir='ltr' id='par_1_9' title="bbox 212 4290 2545 4380">
     <span class='ocr_line' id='line_1_37' title="bbox 212 4290 2545 4380; baseline -0.003 -22"><span class='ocrx_word' id='word_1_315' title='bbox 212 4335 219 4342; x_wconf 68' lang='lat'><strong><em>‚</em></strong></span> <span class='ocrx_word' id='word_1_316' title='bbox 339 4293 758 4380; x_wconf 80' lang='lat' dir='ltr'><strong>repetendum</strong></span> <span class='ocrx_word' id='word_1_317' title='bbox 818 4302 917 4357; x_wconf 82' lang='lat' dir='ltr'><strong>est</strong></span> <span class='ocrx_word' id='word_1_318' title='bbox 961 4315 1036 4357; x_wconf 82' lang='lat' dir='ltr'><strong>ex</strong></span> <span class='ocrx_word' id='word_1_319' title='bbox 1078 4291 1628 4358; x_wconf 82' lang='lat' dir='ltr'><strong>antecedentibus:</strong></span> <span class='ocrx_word' id='word_1_320' title='bbox 1680 4294 1787 4356; x_wconf 77' lang='grc' dir='ltr'><strong>ἐπὶ</strong></span> <span class='ocrx_word' id='word_1_321' title='bbox 1830 4294 1961 4357; x_wconf 75' lang='grc' dir='ltr'><strong>τῶν</strong></span> <span class='ocrx_word' id='word_1_322' title='bbox 2004 4291 2257 4356; x_wconf 62' lang='grc' dir='ltr'><strong>οἰκείων</strong></span> <span class='ocrx_word' id='word_1_323' title='bbox 2303 4290 2545 4377; x_wconf 57' lang='lat' dir='ltr'><strong>diamo-</strong></span> 
     </span>
    </p>
   </div>
   <div class='ocr_carea' id='block_1_8' title="bbox 338 4390 2550 4590">
    <p class='ocr_par' dir='ltr' id='par_1_10' title="bbox 338 4390 2550 4590">
     <span class='ocr_line' id='line_1_38' title="bbox 338 4390 2550 4485; baseline -0.004 -23"><span class='ocrx_word' id='word_1_324' title='bbox 338 4401 489 4480; x_wconf 73' lang='grc' dir='ltr'><strong>ρῶν,</strong></span> <span class='ocrx_word' id='word_1_325' title='bbox 532 4418 740 4485; x_wconf 81' lang='lat' dir='ltr'><strong>genus</strong></span> <span class='ocrx_word' id='word_1_326' title='bbox 784 4417 919 4461; x_wconf 86' lang='lat' dir='ltr'><strong>non</strong></span> <span class='ocrx_word' id='word_1_327' title='bbox 965 4394 1369 4484; x_wconf 81' lang='lat' dir='ltr'><strong>praedicatur</strong></span> <span class='ocrx_word' id='word_1_328' title='bbox 1413 4395 1494 4460; x_wconf 90' lang='lat' dir='ltr'><strong>de</strong></span> <span class='ocrx_word' id='word_1_329' title='bbox 1538 4398 1671 4460; x_wconf 87' lang='lat' dir='ltr'><strong>suis</strong></span> <span class='ocrx_word' id='word_1_330' title='bbox 1714 4394 2122 4473; x_wconf 70' lang='lat' dir='ltr'><strong>differentiis,</strong></span> <span class='ocrx_word' id='word_1_331' title='bbox 2168 4394 2223 4457; x_wconf 84' lang='lat' dir='ltr'><strong>si</strong></span> <span class='ocrx_word' id='word_1_332' title='bbox 2267 4393 2386 4456; x_wconf 85' lang='lat' dir='ltr'><strong>hae</strong></span> <span class='ocrx_word' id='word_1_333' title='bbox 2432 4390 2550 4456; x_wconf 80' lang='lat' dir='ltr'><strong>dif-</strong></span> 
     </span>
     <span class='ocr_line' id='line_1_39' title="bbox 339 4494 2550 4590; baseline -0.004 -23"><span class='ocrx_word' id='word_1_334' title='bbox 339 4502 651 4567; x_wconf 64' lang='lat' dir='ltr'><strong>ferentiae</strong></span> <span class='ocrx_word' id='word_1_335' title='bbox 695 4522 813 4590; x_wconf 86' lang='lat' dir='ltr'><strong>per</strong></span> <span class='ocrx_word' id='word_1_336' title='bbox 855 4522 927 4567; x_wconf 87' lang='lat' dir='ltr'><strong>se</strong></span> <span class='ocrx_word' id='word_1_337' title='bbox 971 4509 1358 4588; x_wconf 79' lang='lat' dir='ltr'><strong>spectentur,</strong></span> <span class='ocrx_word' id='word_1_338' title='bbox 1401 4504 1726 4568; x_wconf 83' lang='lat' dir='ltr'><strong>seiunctae</strong></span> <span class='ocrx_word' id='word_1_339' title='bbox 1768 4499 1850 4564; x_wconf 89' lang='lat' dir='ltr'><strong>ab</strong></span> <span class='ocrx_word' id='word_1_340' title='bbox 1889 4501 1984 4580; x_wconf 81' lang='lat' dir='ltr'><strong>iis,</strong></span> <span class='ocrx_word' id='word_1_341' title='bbox 2029 4517 2192 4586; x_wconf 86' lang='lat' dir='ltr'><strong>quae</strong></span> <span class='ocrx_word' id='word_1_342' title='bbox 2226 4496 2375 4562; x_wconf 86' lang='lat' dir='ltr'><strong>inde</strong></span> <span class='ocrx_word' id='word_1_343' title='bbox 2414 4494 2550 4561; x_wconf 83' lang='lat' dir='ltr'><strong>effi·</strong></span> 
     </span>
    </p>
   </div>
  </div>
 </body>
</html>
