3109 5175
583 353 723 429 180
1406 354 1478 424 Γ
1515 351 1590 423 2.
1674 351 1862 426 1004
1879 351 1943 424 b.

712 530 921 596 10040
952 531 1035 594 19
1073 521 1116 608 ἢ
1151 524 1357 593 κατὰ
1391 528 1655 594 ταῦτα
1688 522 1734 608 ἢ
1765 522 1974 594 κατα
2010 528 2345 609 πλῆθος
2379 530 2518 595 καὶ
2556 524 2647 595 τὸ
2682 536 2784 597 ἕν.

578 636 1015 721 Quaecunque
1060 631 1143 696 ad
1186 633 1299 696 has
1343 634 1647 697 notiones
1704 631 2096 711 referuntur,
2156 654 2232 697 ea
2289 654 2446 698 sane
2501 653 2618 720 per
2673 634 2789 698 has

577 741 879 805 notiones
917 746 1303 801 revocantur
1342 739 1529 800 etiam
1571 733 1651 799 ad
1693 739 1997 803 unitatem
2037 748 2101 802 et
2134 735 2596 802 multitudinem
2636 747 2789 802 tam-

581 864 768 929 quam
813 862 1052 907 summa
1099 843 1560 905 contrariorum
1608 842 1887 906 omnium
1932 842 2273 928 principia,
2330 839 2445 905 sed
2492 844 2790 926 quoniam

577 946 699 1012 alia
735 945 829 1011 ad
869 948 1067 1031 ipsam
1109 947 1409 1011 unitatem
1452 953 1518 1007 et
1554 942 2036 1022 multitudinem,
2083 945 2205 1009 alia
2244 943 2486 1009 facilius
2526 943 2607 1008 ad
2645 943 2793 1010 illas

577 1054 878 1117 notiones
941 1051 1120 1135 quasi
1176 1047 1384 1114 media
1429 1050 1498 1112 in
1541 1050 1644 1111 via
1691 1051 1932 1133 positas
1978 1058 2387 1127 revocantur,
2446 1058 2791 1134 propterea

577 1157 906 1220 coniunxit
946 1145 1121 1217 κατὰ
1163 1155 1373 1218 ταῦτα
1419 1163 1485 1217 et
1526 1144 1700 1216 κατὰ
1738 1152 2010 1230 πλῆθος
2052 1153 2165 1216 καὶ
2208 1144 2286 1217 τὸ
2335 1156 2420 1217 ἕν.

713 1260 924 1324 10044
965 1258 1054 1321 20
1097 1246 1202 1320 ὧν
1254 1256 1426 1320 ἐστὶ
1479 1255 1619 1319 καὶ
1664 1252 1707 1334 ἡ
1753 1249 2259 1334 ἐναντιότης.
2351 1254 2792 1321 Contrarieta-

578 1372 704 1427 tem
747 1357 1097 1428 subiectam
1144 1380 1285 1424 esse
1330 1360 1393 1423 ei
1435 1361 1768 1438 scientiae,
1816 1380 1978 1444 quae
2022 1361 2088 1422 in
2137 1368 2285 1423 ente
2329 1358 2791 1446 cognoscendo

575 1476 891 1543 versatur,
948 1473 1169 1528 monet
1210 1472 1475 1549 propter
1522 1484 1623 1541 ea,
1682 1484 1843 1549 quae
1900 1462 2063 1526 infra
2103 1464 2233 1528 1229
2277 1485 2411 1549 sqq.
2460 1463 2540 1527 ad
2602 1463 2795 1551 expli-

577 1568 844 1634 candam
889 1570 1131 1655 primae
1176 1567 1625 1653 philosophiae
1669 1569 2000 1641 notionem
2048 1565 2200 1631 inde
2249 1577 2345 1631 est
2386 1567 2792 1634 deducturus.

578 1671 987 1759 Comprobat
1029 1681 1238 1736 autem
1276 1674 1785 1736 contrarietatem
1819 1670 2167 1736 subiectam
2204 1691 2344 1736 esse
2380 1673 2620 1757 primae
2653 1671 2793 1758 phi-

578 1777 944 1863 losophiae,
1003 1777 1150 1861 quia
1192 1776 1288 1858 τῷ
1329 1778 1553 1858 ἑτέρῳ,
1614 1773 1789 1861 quod
1844 1773 2254 1863 philosophia
2300 1773 2790 1861 contempletur,

579 1883 868 1948 subiecta
921 1881 1005 1945 sit
1059 1873 1384 1969 διαφορά,
1436 1879 1583 1943 huic
1640 1882 1866 1944 iterum
1922 1873 2319 1956 ἐναντιότης.
2425 1878 2615 1963 Quae
2670 1881 2791 1966 igi-

579 1996 684 2052 tur
717 1986 982 2051 scientia
1018 1981 1102 2047 ad
1138 1981 1301 2046 illud
1342 1985 1636 2069 pertinet,
1682 1982 1856 2068 quod
1892 1982 2192 2047 latissime
2228 2004 2305 2046 ex
2340 1981 2434 2046 his
2469 1993 2663 2068 patet,
2707 1982 2791 2048 ad

577 2084 656 2156 τὸ
701 2095 952 2175 ἕτερον,
1010 2086 1231 2152 eadem
1276 2087 1626 2152 subiectam
1670 2088 1792 2152 sibi
1835 2087 2032 2152 habet
2076 2080 2522 2165 ἐναντιότητα.
2613 2087 2792 2172 Quid

579 2193 836 2258 differat
879 2184 1175 2278 διαφορά
1220 2212 1255 2253 a
1301 2211 1541 2278 genere
1579 2209 1716 2268 suo,
1763 2191 1842 2256 ab
1882 2184 2229 2275 ἑτερότητι,
2276 2190 2653 2256 Aristoteles
2693 2213 2793 2256 ex-

576 2299 765 2384 ponit
795 2297 843 2359 I
868 2296 930 2359 3.
965 2293 1168 2358 1054b
1192 2294 1279 2358 23
1313 2314 1466 2379 sqq„
1512 2292 1717 2380 qualis
1760 2289 2061 2383 διαφορά
2104 2292 2467 2380 appelletur
2496 2290 2792 2360 ἐναντιό-

575 2423 696 2480 της
740 2399 788 2464 Ι
826 2400 887 2463 4.
938 2398 1145 2462 1055a
1181 2398 1445 2463 3—33.

714 2503 926 2569 1004α
956 2502 1045 2566 29
1088 2493 1295 2584 πρὸς
1336 2493 1428 2565 τὸ
1471 2503 1797 2590 πρῶτον
1842 2506 1923 2567 ἐν
1969 2498 2264 2595 ἑκάστῃ
2308 2505 2787 2592 κατηγορίᾳ.

577 2608 1011 2695 Κατηγορίας
1042 2604 1179 2671 noli
1225 2607 1515 2692 accipere
1562 2627 1681 2693 pro
1730 2605 1949 2672 decem
1993 2607 2123 2672 illis
2158 2611 2413 2674 summis
2443 2630 2650 2674 rerum
2681 2629 2792 2697 ge·

577 2710 868 2787 neribus3
925 2731 1070 2775 nam
1127 2712 1428 2774 notiones
1488 2710 1667 2790 illae,
1722 2710 1903 2777 velut
1959 2714 2153 2776 imum
2203 2711 2370 2777 idem
2418 2710 2593 2778 aliud
2639 2734 2793 2777 con-

578 2818 852 2893 trarium,
897 2834 1030 2878 non
1075 2816 1142 2878 in
1189 2813 1472 2899 qualibet
1515 2818 1838 2904 categoria
1883 2814 2042 2880 illud
2089 2818 2471 2902 principium
2517 2828 2790 2903 possunt

576 2920 836 2998 habere,
880 2939 1011 3005 quo
1053 2917 1411 2984 referantur
1452 2920 1699 3005 reliqua
1745 2922 1976 2984 omnia.
2047 2919 2383 3007 Significat
2418 2923 2636 3007 potius
2669 2944 2789 2986 κα-

575 3025 891 3109 τηγορίας
954 3024 1216 3086 nomine
1274 3023 1651 3088 Aristoteles
1712 3045 1783 3087 ea
1841 3021 2207 3109 praedicata
2273 3028 2410 3089 sive
2464 3024 2790 3111 praedica-

577 3136 808 3206 menta,
851 3146 1016 3210 quae
1059 3146 1230 3190 nunc
1272 3127 1475 3212 ipsum
1522 3125 1749 3204 attulit,
1792 3126 1960 3191 idem
2005 3126 2179 3191 aliud
2225 3130 2629 3206 contrarium.
2712 3130 2786 3194 In

580 3228 868 3317 quolibet
912 3250 988 3293 ex
1031 3228 1129 3293 his
1175 3229 1572 3315 praedicatis,
1615 3230 1963 3319 multiplice
2010 3233 2147 3297 eius
2191 3234 2257 3295 vi
2302 3232 2613 3311 distincta,
2656 3232 2787 3298 διε-

581 3329 863 3419 λόμενον
905 3334 1213 3417 ποσαχῶς
1255 3334 1541 3417 λέγεται,
1596 3335 2024 3421 quaerendum
2085 3346 2183 3401 est
2238 3357 2365 3421 quo
2424 3357 2616 3401 sensu
2660 3338 2787 3423 pri-

577 3459 747 3504 mum
805 3458 881 3502 ac
933 3439 1196 3523 proprie
1252 3437 1682 3523 praedicetur,
1745 3451 1809 3506 et
1866 3439 1947 3506 ad
2001 3439 2167 3505 hanc
2208 3442 2337 3506 vim
2382 3461 2459 3505 ac
2499 3450 2785 3506 naturam

581 3543 866 3607 notionis
908 3540 1152 3627 reliqua
1196 3552 1344 3606 sunt
1385 3542 1739 3609 referenda.

715 3647 923 3711 loo4a
946 3645 1035 3708 32
1081 3640 1280 3730 ὅπερ
1325 3650 1407 3711 ὲν
1449 3656 1635 3722 ταῖς
1680 3644 2075 3732 ἀπορίαις
2116 3648 2450 3733 ἐλέχθη,
2494 3650 2562 3712 in
2597 3668 2784 3733 quae-

580 3754 793 3816 stione
838 3758 1060 3835 quarta
1106 3748 1253 3815 libri
1298 3753 1647 3836 superioris
1690 3752 1760 3815 B
1792 3753 1855 3817 2.
1900 3755 2068 3818 997a
2097 3754 2204 3817 25.
2255 3788 2333 3802 -
2382 3753 2539 3817 Post
2581 3747 2786 3835 λόγον

579 3855 744 3939 ἔχειν
789 3863 855 3917 et
896 3862 1044 3939 post
1088 3849 1514 3938 ἀπορήμασιν
1560 3853 1841 3922 editores
1887 3876 2108 3921 omnes
2152 3867 2217 3921 et
2246 3857 2592 3921 Bessan-ion
2626 3878 2785 3942 pun-

583 3967 688 4021 cto
732 3959 1000 4021 maximo
1047 3956 1480 4023 distinxerunt.
1574 3958 1703 4023 Sed
1749 3981 1956 4046 neque
2002 3963 2156 4026 novi
2201 3960 2537 4046 quidquam
2584 3964 2783 4025 conti-

580 4072 738 4125 nent
765 4060 963 4126 verba
993 4064 1280 4146 proxima
1317 4062 1430 4127 καὶ
1462 4062 1599 4127 ἔστι
1636 4065 1756 4128 τοῦ
1790 4059 2187 4153 φιλοσόφου,
2231 4063 2403 4130 unde
2432 4073 2582 4149 apte
2611 4084 2781 4129 nova

583 4163 869 4229 ordiatur
913 4168 1294 4245 enunciatio,
1340 4186 1464 4231 nec
1505 4165 1741 4253 siquid
1774 4171 2178 4233 continerent
2207 4170 2377 4245 novi,
2423 4166 2503 4232 ah
2543 4169 2782 4234 Aristo-

581 4267 712 4334 tele
754 4291 869 4356 per
910 4273 1040 4349 καί,
1083 4269 1198 4335 sed
1243 4273 1459 4357 potius
1503 4290 1619 4356 per
1662 4272 1756 4336 ἔτι
1799 4272 1868 4336 δὲ
1915 4282 2127 4337 essent
2164 4270 2546 4351 introducta,
2588 4275 2779 4339 immo

583 4370 747 4438 adeo
807 4374 1152 4440 cohaerent
1206 4397 1346 4440 cum
1404 4375 1842 4462 superioribus
1896 4370 2000 4440 ὅτι
2039 4377 2199 4460 μιᾶς
2247 4413 2326 4427 -
2373 4371 2576 4459 λόγον
2618 4379 2783 4462 ἔχειν

584 4487 649 4540 et
705 4497 922 4543 eorum
982 4483 1359 4546 sententiam
1412 4479 1663 4549 verbis,
1686 4482 1901 4566 potius
1953 4501 2137 4565 quam
2182 4500 2253 4545 re
2298 4483 2658 4561 immutant,
2711 4493 2782 4548 ut
