3109 5175
567 364 715 439 204
1399 366 1471 437 Γ
1510 363 1580 436 5.
1662 361 1934 436 loma.

569 561 727 630 gere
781 540 996 607 studet
1050 544 1116 606 in
1176 548 1386 606 certos
1443 561 1520 605 ac
1572 539 1796 605 firmos
1850 541 2165 606 essentiae
2206 538 2391 605 fines.
2481 537 2555 604 ld
2598 537 2777 624 quod

569 655 863 725 mutatur,
909 649 1012 725 ait,
1046 657 1175 711 tum
1217 663 1407 732 quum
1442 647 1705 710 maxime
1738 654 2030 724 mutatur,
2058 646 2374 710 rationem
2408 664 2562 708 sane
2594 662 2780 728 prae-

568 748 681 814 bet
723 751 889 833 (ἕχει
929 745 1130 834 λόγον
1164 752 1318 828 116,
1363 749 1442 814 cf.
1487 748 1555 813 B
1594 750 1657 813 2.
1702 751 1865 815 996⁶
1889 751 1990 830 9),
2038 771 2149 814 cur
2193 748 2274 814 de
2311 768 2394 812 eo
2432 745 2775 834 quidquam

569 874 722 918 vere
765 851 1123 939 praedicari
1159 863 1450 942 negetur,
1493 874 1867 939 quamquam
1907 856 2074 918 inest
2110 851 2425 918 dubitatio
2460 849 2633 915 baud
2668 872 2779 916 ue·

569 956 893 1044 gligenda.
959 959 1124 1022 Nam
1170 980 1359 1044 quum
1403 961 1667 1022 maxime
1710 966 1989 1024 mutatur
2032 955 2371 1043 quidpiam,
2415 964 2676 1041 oportet
2713 966 2780 1019 et

572 1082 753 1125 esse
799 1059 1036 1147 aliquid
1081 1060 1310 1148 reliqui
1355 1082 1433 1125 ex
1476 1063 1582 1140 iis,
1646 1081 1811 1148 quae
1855 1059 2159 1125 mutando
2208 1059 2448 1139 abiicit,
2493 1069 2559 1124 et
2604 1079 2778 1123 esse

569 1166 691 1228 iam
738 1163 975 1250 aliquid
1021 1186 1094 1230 ex
1137 1169 1249 1243 iis,
1306 1185 1470 1251 quae
1526 1185 1697 1229 nova
1740 1167 2022 1251 suscipit.
2113 1164 2206 1229 Ac
2248 1165 2303 1228 si
2349 1162 2503 1250 quid
2542 1165 2779 1242 interit,

571 1267 900 1354 oportebit
959 1290 1138 1334 esse
1194 1272 1513 1333 etiamtum
1574 1267 1639 1333 id
1702 1267 1878 1355 quod
1936 1270 2157 1334 interit
2208 1264 2520 1352 (ὑπάρξει
2575 1291 2637 1333 τε
2699 1261 2780 1333 ὄν

571 1373 772 1452 ⁶20),
819 1372 1106 1459 alioquin
1151 1375 1497 1438 interiisset
1538 1376 1690 1450 iam,
1734 1392 1870 1438 non
1914 1374 2229 1448 interiret,
2274 1374 2373 1436 sin
2414 1383 2779 1459 generatur,

575 1497 756 1541 esse
814 1488 1073 1564 oportet
1129 1491 1195 1544 et
1250 1476 1317 1543 id
1373 1476 1549 1542 unde
1605 1479 1810 1542 oritu'r
1866 1487 1932 1542 et
1983 1475 2052 1541 id
2110 1496 2239 1562 quo
2292 1485 2540 1562 spectat
2583 1496 2780 1564 gene-

571 1579 756 1646 randi
809 1584 1094 1646 mutatio.
1194 1582 1572 1647 Mutationis
1628 1584 1827 1670 igitur
1879 1584 2187 1667 varietate
2232 1581 2484 1645 minime
2530 1578 2781 1645 tollitur

575 1688 888 1749 essentiae
931 1688 1308 1754 constantia.
1395 1685 1653 1752 Deinde
1705 1684 1853 1751 licet
1897 1688 2310 1772 quantitatem
2356 1687 2583 1750 mutari
2628 1704 2781 1749 con-

574 1791 754 1854 tinuo
800 1788 1171 1878 largiamur,
1226 1790 1430 1855 forma
1485 1801 1699 1854 tamen
1756 1810 1830 1853 ac
1880 1792 2128 1875 species
2172 1800 2410 1868 manet,
2468 1799 2537 1853 et
2580 1810 2655 1854 ex
2700 1810 2779 1853 ea

573 1893 827 1980 quidem
883 1916 987 1959 res
1043 1916 1264 1959 omnes
1335 1897 1802 1982 cognoscimus.
1905 1895 2070 1957 Tum
2128 1897 2371 1960 etiamsi
2427 1915 2562 1958 non
2621 1892 2779 1958 alias

574 1999 694 2062 nisi
750 1997 1086 2064 sensibiles
1140 2020 1244 2064 res
1299 2020 1454 2063 vere
1513 2020 1655 2064 esse
1710 2009 2100 2087 agnoscunt,
2156 2000 2269 2063 καὶ
2327 1995 2591 2065 αὐτῶν
2651 1999 2781 2061 τῶν

575 2103 926 2183 αἰσθητῶν
962 2104 1127 2182 «126,
1171 2123 1305 2168 non
1350 2100 1779 2191 negligendae
1822 2109 2004 2167 erant
2048 2124 2151 2167 res
2196 2100 2532 2168 sensibiles
2576 2111 2781 2166 aeter-

573 2226 697 2269 nae
744 2215 810 2270 et
852 2205 1284 2285 immutabiles,
1329 2206 1408 2269 cf.
1455 2205 1540 2271 ad
1584 2209 1655 2270 A
1697 2209 1758 2271 9.
1800 2209 1971 2272 991⁶
2008 2208 2068 2285 9,
2115 2228 2279 2292 quae
2320 2210 2463 2293 ipso
2511 2226 2781 2271 numero

576 2318 814 2374 tantum
872 2321 1179 2396 superant
1234 2307 1624 2375 mutabilium
1683 2331 1888 2375 rerum
1934 2331 2290 2390 numerum,
2347 2322 2421 2376 ut
2480 2331 2585 2374 eas
2630 2308 2779 2396 plus

576 2415 644 2477 in
702 2412 967 2478 ferendo
1020 2412 1259 2478 iudicio
1321 2411 1536 2477 valere
1595 2424 1925 2498 oporteat5
1985 2425 2051 2479 at
2092 2437 2228 2482 non
2274 2436 2413 2481 esse
2457 2413 2630 2479 solas
2673 2435 2779 2479 res

576 2516 930 2598 sensibiles,
973 2517 1086 2583 sed
1132 2538 1274 2582 esse
1319 2521 1506 2582 etiam
1548 2515 1962 2582 substantiam
2006 2530 2326 2587 aeternam
2373 2532 2439 2587 et
2478 2523 2782 2607 incorpo-

575 2642 763 2701 ream,
810 2622 1152 2688 adversarii
1194 2634 1268 2687 ut
1302 2621 1662 2688 concedant
1696 2624 2118 2689 convincendi
2157 2634 2308 2689 sunt
2349 2621 2597 2706 (ταύτὰ
2638 2634 2782 2701 τοῖς

575 2720 789 2790 πάλαι
830 2727 1164 2811 λεχθεῖσιν
1208 2728 1479 2812 ἐροῦμεν
1518 2728 1672 2806 ⁶33,
1716 2728 1797 2793 cf.
1848 2730 2055 2794 10⁰9·
2090 2730 2239 2808 36).
2284 2765 2372 2777 —
2428 2730 2541 2793 His
2587 2731 2782 2817 igitur

576 2830 927 2895 rationibus
999 2829 1377 2896 Aristoteles
1443 2832 1793 2896 removisse
1858 2832 1978 2897 sibi
2046 2832 2298 2898 videtur
2360 2853 2468 2897 eas
2541 2854 2779 2911 causas,

576 2953 740 3020 quae
784 2933 1089 3020 quosdam
1136 2933 1216 2999 ad
1249 2935 1667 3002 recusandum
1704 2939 2079 3023 principium
2112 2934 2633 3001 contradictionis
2669 2940 2781 3001 im-

576 3036 923 3122 pellerent;
971 3061 1131 3125 quae
1177 3062 1360 3126 quam
1403 3060 1537 3103 non
1586 3038 1908 3103 sufficiant
1948 3043 2012 3105 in
2058 3051 2363 3126 promptu
2409 3051 2506 3105 est
2550 3038 2781 3104 intelli-

577 3163 752 3228 gere.
842 3144 939 3207 Ac
993 3145 1199 3229 primo
1260 3140 1511 3228 quidem
1568 3153 1948 3230 argumento
2007 3143 2182 3229 quod
2241 3146 2649 3209 mutationem
2696 3143 2780 3209 ad

580 3247 916 3310 essentiam
961 3244 1527 3334 redigereffstudet,
1574 3246 1757 3311 facile
1805 3256 1903 3311 est
1942 3247 2166 3313 videre
2200 3248 2365 3326 eum,
2406 3247 2675 3313 dissecta
2712 3252 2781 3317 iu

577 3360 792 3435 partes
828 3349 1125 3435 quasdam
1165 3349 1534 3429 mutatione,
1582 3372 1654 3415 ea
1693 3361 2000 3437 spectare,
2044 3357 2108 3417 in
2150 3352 2377 3439 quibus
2414 3350 2520 3417 vel
2552 3365 2781 3439 coepta

579 3451 866 3518 nondum
909 3456 995 3519 sit
1038 3454 1142 3518 vel
1187 3457 1310 3519 iam
1356 3454 1647 3521 absoluta
1684 3462 1966 3537 mutatio,
2011 3478 2134 3522 nec
2168 3478 2324 3521 vero
2352 3459 2567 3543 ipsum
2606 3455 2783 3537 illud,

580 3555 754 3644 quod
809 3567 1113 3637 mutatur,
1169 3570 1479 3644 quatenus
1531 3571 1823 3626 mutatur.
1915 3560 2139 3627 Altero
2184 3571 2560 3648 argumento
2604 3560 2781 3646 quod

580 3664 854 3747 speciem
911 3684 988 3726 ac
1043 3663 1308 3727 formam
1365 3685 1573 3729 rerum
1632 3686 1708 3728 ac
1763 3687 1882 3752 per
1926 3686 2062 3731 eam
2109 3675 2347 3730 certum
2394 3668 2782 3753 cognitionis

581 3764 1053 3832 fundamentum
1097 3789 1352 3833 manere
1397 3767 1742 3847 contendit,
1789 3767 2221 3834 confitendum
2265 3769 2517 3856 quidem
2554 3780 2669 3847 est,
2712 3771 2781 3834 in

579 3867 763 3934 nullo
818 3873 1182 3936 mutationis
1240 3892 1477 3958 genere
1535 3895 1610 3937 ex
1657 3871 2019 3939 Aristotelis
2078 3871 2350 3938 decretis
2407 3875 2607 3960 ipsam
2652 3874 2785 3938 for-

579 3993 742 4036 mam
784 3973 891 4037 vel
935 3974 1074 4040 fieri
1120 3975 1224 4040 vel
1270 3978 1527 4054 mutari,
1586 3975 1700 4041 sed
1760 3979 1844 4040 ita
1902 3996 2036 4040 non
2086 3975 2336 4042 sublata
2380 3988 2506 4055 est,
2562 4000 2781 4043 verum

583 4074 883 4140 translata
939 4081 1003 4143 in
1053 4079 1240 4144 alium
1287 4078 1499 4145 locum
1546 4079 1860 4145 dubitatio
1906 4077 1990 4143 de
2033 4083 2405 4148 mutatione.
2494 4080 2785 4170 Reliquis

582 4183 968 4267 argumentis
1024 4181 1197 4267 quod
1256 4185 1321 4247 in
1378 4187 1779 4272 angustiores
1839 4181 2003 4248 fines
2058 4188 2423 4250 mutationis
2480 4187 2783 4251 ainbitum

582 4284 799 4351 studet
840 4284 1184 4364 includere,
1229 4286 1387 4353 nihil
1431 4287 1682 4352 videtur
1725 4287 1807 4353 ad
1844 4288 2221 4355 refutandos
2258 4288 2657 4355 adversarios
2694 4290 2787 4354 ef-

583 4388 805 4466 ficere;
850 4392 986 4455 sive
1033 4393 1196 4455 enim
1241 4390 1430 4457 latius
1476 4402 1653 4478 patet
1696 4396 1962 4459 mutatio
2006 4397 2140 4459 sive
2185 4396 2392 4459 minus
2433 4393 2591 4475 late,
2634 4415 2787 4481 qua-

582 4503 768 4560 tenus
813 4496 1144 4575 invenitur,
1190 4507 1452 4561 eatenus
1497 4499 1871 4584 principium
1910 4496 2435 4564 contradictionis
2470 4508 2782 4585 tamquam
