3109 5175
590 363 740 440 5⁰2
1155 325 1162 334 ’
1412 367 1492 438 A
1542 363 1611 437 7.
1692 362 1960 438 107212.

592 552 720 607 tem
777 538 983 605 solnm
1037 539 1232 605 habet
1274 537 1709 628 intelligendi,
1763 538 1878 604 sed
1922 544 2166 631 ἐνεργεῖ
2202 539 2354 604 ῠ22.
2448 540 2688 625 Atque,
2748 542 2813 604 si

592 654 799 710 actum
845 645 1133 729 potentia
1179 647 1497 730 potiorem
1545 664 1687 707 esse
1733 653 1981 707 constat
2023 641 2145 721 (cf.
2186 643 2242 708 Θ
2272 644 2371 723 8),
2418 646 2481 708 in
2524 643 2649 707 hoc
2687 663 2809 729 po·

592 750 717 813 tius
776 745 1176 834 intelligendi
1237 760 1381 813 actu
1439 768 1625 833 quam
1676 749 1743 811 in
1786 749 2073 833 potentia
2121 744 2396 812 divinam
2445 750 2581 812 eius
2625 758 2819 810 natu·-

593 873 724 915 ram
771 853 945 915 cerni
992 861 1274 935 apparet,
1321 872 1522 937 eaque
1568 853 1794 915 suimet
1836 853 2033 935 ipsius
2070 850 2529 938 contemplatio
2567 870 2809 914 summa

595 956 732 1019 eius
779 961 843 1017 et
888 956 1088 1018 virtus
1138 964 1234 1018 est
1280 967 1344 1019 et
1389 953 1755 1030 beatitudo,
1801 955 1948 1017 1124.
2041 953 2220 1018 Deus
2264 957 2486 1042 igitur,
2538 956 2592 1018 is
2637 956 2809 1017 enim

595 1067 691 1122 est
736 1078 1012 1121 summus
1058 1056 1166 1123 isse
1212 1056 1602 1135 intellectus,
1660 1060 1807 1143 quia
1869 1066 2184 1143 perpetuo
2239 1060 2305 1122 in
2350 1058 2476 1121 hoc
2521 1067 2619 1120 est
2660 1067 2809 1120 actu

596 1181 805 1247 neque
851 1182 1125 1247 unquam
1175 1183 1211 1226 e
1254 1164 1542 1247 potentia
1589 1164 1815 1225 transit
1858 1160 1938 1225 ad
1985 1170 2209 1239 actum,
2257 1160 2335 1224 cf.
2378 1163 2441 1225 9.
2475 1160 2811 1235 10741228,

594 1274 908 1349 perpetuo
961 1286 1036 1329 ea
1083 1264 1312 1329 fruitur
1357 1263 1780 1344 beatitudine,
1837 1267 1939 1328 cui
1996 1285 2233 1328 summa
2282 1262 2594 1328 humanae
2637 1266 2811 1327 vitae

595 1366 931 1432 beatitudo
977 1370 1079 1431 vix
1126 1373 1497 1453 comparari,
1541 1368 1772 1433 nedum
1819 1370 2078 1453 aequari
2121 1370 2345 1452 possit.
2422 1369 2518 1430 Ac
2548 1368 2677 1430 vita
2713 1369 2811 1430 in-

599 1481 714 1533 est*
751 1489 995 1535 summo
1052 1470 1438 1545 intellectui;
1496 1475 1633 1557 ipsa
1694 1475 1859 1535 enim
1908 1473 2043 1534 eius
2091 1474 2258 1534 actio
2306 1481 2405 1535 est
2447 1472 2596 1533 vita.
2687 1468 2809 1533 lta-

597 1594 722 1658 que
761 1573 1023 1664 (φαμὲν
1063 1568 1148 1652 δή
1187 1574 1318 1639 ὀ28
1353 1573 1753 1640 scribendum
1793 1573 2062 1653 videtur,
2110 1575 2405 1659 quoniam
2444 1571 2812 1658 complecti·

600 1685 704 1741 tur
734 1678 842 1741 Ar.
884 1698 1045 1763 quae
1084 1687 1272 1741 antea
1311 1677 1815 1763 comprobavit)·
1841 1676 1998 1742 deus
2048 1685 2146 1740 est
2189 1676 2357 1759 ζῷον
2402 1672 2619 1741 ἀΐδιον
2663 1669 2813 1763 ἄρι-

601 1798 792 1857 στον,
845 1802 923 1843 ae
964 1782 1096 1844 vita
1142 1790 1400 1846 aeterna
1449 1794 1513 1845 et
1556 1784 1795 1866 optima
1842 1801 1975 1843 non
2021 1781 2189 1844 inest
2229 1778 2436 1844 solum
2484 1777 2637 1858 deo,
2693 1777 2812 1844 sed

598 1884 739 1968 ipse
779 1895 879 1947 est
912 1882 1072 1948 haee
1104 1888 1253 1963 vita,
1289 1884 1368 1949 cf.
1402 1884 1483 1950 de
1515 1884 1703 1949 coelo
1734 1885 1796 1948 11
1823 1886 1884 1950 3.
1916 1884 2085 1949 286«
2110 1886 2181 1948 9:
2217 1884 2392 1948 θεοῦ
2429 1878 2485 1946 δ’
2520 1886 2812 1968 ἐνέργεια

597 1982 983 2053 ἀθανασία·
1029 1988 1226 2053 τοῦτο
1270 1984 1332 2052 δ’
1369 1989 1508 2053 ἐστὶ
1550 1982 1682 2067 ζωὴ
1726 1985 1956 2064 ἀΐδιος.
2017 1987 2047 2051 1
2083 1990 2145 2052 9.
2182 1988 2351 2052 2790·
2375 1988 2500 2052 20..
2546 1987 2690 2051 Eth.
2724 1988 2810 2051 N.

598 2089 654 2154 X
688 2091 749 2153 8.
791 2091 995 2154 117sb
1026 2091 1086 2155 8.

735 2194 937 2259 lom
961 2196 1050 2260 30
1079 2189 1267 2262 ὅσοι
1302 2232 1382 2248 -
1415 2196 1624 2261 1073«
1649 2197 1692 2261 3
1725 2197 2060 2279 σπέρμα.
2121 2192 2485 2259 Coniuncta
2512 2194 2577 2257 in
2603 2194 2811 2281 primo

563 2501 574 2508 ι
599 2424 762 2496 Phys.
790 2423 934 2481 ΠΗ
961 2442 1006 2481 ⁴.
1035 2437 1169 2483 ἠδ’
1191 2444 1279 2484 ³³:
1318 2433 1428 2482 ἴστε
1463 2430 1517 2482 δὲ
1553 2428 1772 2498 δυνάμει
1805 2425 1973 2488 ἄλλως
2009 2426 2037 2481 ὁ
2072 2385 2363 2499 μανθιῖνων
2399 2427 2694 2499 ἐπιστήμων
2719 2431 2815 2482 καὶ

602 2507 633 2563 ὅ
668 2515 821 2578 ἔχων
855 2509 958 2582 ἤδη
992 2516 1083 2567 καὶ
1121 2515 1196 2587 μὴ
1243 2517 1470 2587 θεωρῶν.
1510 2544 1575 2555 -
1624 2513 1654 2567 ὁ
1700 2515 1801 2585 γὰρ
1849 2519 2002 2582 ἔχων
2046 2512 2335 2585 ἐπιστήμην,
2373 2515 2446 2585 μὴ
2491 2512 2710 2587 θεωρεῖν
2755 2517 2813 2567 δὲ

601 2597 816 2669 δυνάμει
852 2604 992 2654 ἐστὶν
1027 2598 1325 2671 ἐπιστήμων
1362 2622 1485 2661 πως.
1538 2602 1602 2653 de
1626 2618 1712 2653 au.
1742 2601 1809 2654 ΙΙ
1844 2619 1888 2657 1.
1929 2610 2060 2656 ⁴12⁰
2090 2610 2181 2657 23':
2224 2601 2456 2674 φανερὸν
2494 2593 2586 2655 οὖν
2624 2599 2709 2654 ὅτι
2742 2600 2815 2663 ὦς

600 2686 881 2755 ἐπιστήμη,
919 2721 982 2730 —-
1022 2683 1281 2757 ἀνάλογον
1319 2684 1435 2755 δ’ἦ
1480 2693 1572 2755 μὲν
1620 2688 1917 2759 ἐγρήγορσις
1962 2686 2034 2757 τῷ
2080 2695 2324 2758 θεωρεῖν,
2370 2688 2397 2740 ὁ
2444 2683 2496 2740 δ’
2528 2685 2690 2747 ὕπνος
2737 2687 2814 2757 τῷ

600 2772 766 2835 ἔχειν
803 2773 890 2823 καὶ
919 2772 993 2840 μὴ
1022 2778 1254 2845 ἐνεργεῖν.
1306 2790 1352 2827 5.
1382 2765 1512 2828 41Ίῦ
1540 2789 1594 2826 5:
1634 2775 1874 2844 θεωροῦν
1911 2773 2015 2844 γὰρ
2052 2779 2283 2842 γίγνεται
2309 2773 2373 2825 τὸ
2401 2778 2545 2840 ἔχον
2573 2776 2671 2842 τὴν
2700 2780 2817 2827 ἔπι-

602 2854 820 2925 σεὴμην.
871 2856 1002 2911 Met.
1031 2860 1079 2912 Θ
1105 2875 1152 2914 6.
1183 2867 1349 2915 1048‘*
1377 2874 1459 2913 34.
1511 2872 1557 2912 s.
1592 2867 1757 2913 loso⁰
1784 2874 1864 2913 as.
1897 2892 1959 2902 --
1998 2858 2102 2909 Sed
2126 2858 2200 2909 his
2225 2859 2472 2929 exemplis,
2498 2859 2679 2928 quibus
2702 2881 2814 2911 rem

600 2940 799 2994 decerni
834 2943 1038 2996 Krische
1075 2946 1217 3008 dicit,
1254 2945 1488 3015 equidem
1525 2964 1683 3013 prope
1720 2943 1843 2995 nihil
1876 2944 2075 3014 probari
2114 2945 2348 3009 arbitron
2391 2964 2641 3014 nusquam
2677 2945 2813 2997 enim

599 3029 731 3093 ἔχειν
763 3028 930 3098 ipsum
963 3048 1056 3100 per
1089 3050 1141 3081 se
1175 3032 1426 3100 potentiae
1461 3030 1564 3082 vim
1598 3030 1778 3090 habet,
1822 3031 1909 3081 sed
1954 3030 2143 3100 ubique
2189 3045 2276 3082 aut
2319 3032 2546 3084 additum
2589 3046 2663 3083 est
2697 3037 2816 3085 ἐπι-

602 3109 832 3182 στῆμην,
876 3129 964 3166 aut
1009 3134 1070 3166 ex
1113 3115 1518 3167 antecedentibus
1554 3115 1715 3165 verbis
1749 3115 1888 3166 facilc
1925 3116 2211 3185 suppletur,
2254 3117 2405 3167 veluti
2438 3118 2588 3190 Phys.
2625 3120 2657 3168 l.
2682 3119 2714 3169 l.
2752 3139 2814 3169 ex

601 3215 740 3248 nom.
778 3200 1074 3269 ἐπιστήμων
1109 3201 1249 3253 facile
1285 3201 1540 3253 obiectum
1576 3199 1860 3271 ἐπιστήμην
1894 3216 2109 3271 repetas;
2146 3202 2243 3253 hoc
2272 3217 2456 3266 autem,
2492 3204 2555 3253 de
2583 3225 2686 3273 quo
2711 3203 2812 3267 agi-

601 3295 707 3345 tur,
749 3284 864 3335 loco
909 3286 1046 3337 nullo
1092 3285 1246 3336 modo
1294 3286 1358 3336 ad
1401 3290 1528 3352 ἔχειν
1575 3286 1793 3356 suppleri
1838 3301 2002 3356 potest
2036 3285 2336 3358 ἐπιστήμην.
2411 3289 2609 3356 Quodsi
2642 3289 2814 3340 liceret

600 3366 766 3436 ipsum
800 3372 1010 3422 verbum
1047 3375 1175 3438 ἴχειν
1209 3371 1464 3441 potentiae
1497 3372 1773 3437 significatu
1808 3372 2046 3443 accipere,
2082 3392 2147 3423 ne
2182 3387 2293 3424 tum
2329 3373 2533 3443 quidem
2570 3394 2629 3425 ea
2657 3374 2813 3424 inter-

601 3454 810 3522 pretatio
846 3471 958 3526 apta
994 3458 1256 3509 videretur.
1312 3458 1426 3513 Hoc
1457 3457 1593 3509 enim
1618 3457 1803 3509 diceret
1825 3459 2135 3511 Aristoteles:
2175 3457 2205 3511 ὁ
2240 3457 2362 3519 νοῦς
2397 3462 2510 3513 ἐστὶ
2543 3459 2609 3512 τὸ
2639 3462 2814 3512 δεκτι-

600 3539 693 3592 κὸν
730 3540 827 3594 τοῦ
858 3542 1080 3612 νοητοῦ,
1121 3545 1153 3596 i.
1183 3564 1228 3596 e.
1265 3543 1296 3598 ὁ
1335 3542 1461 3604 νοῦς
1500 3546 1615 3597 ἐστὶ
1651 3542 1868 3613 δύναμις
1905 3546 2001 3596 τοῦ
2039 3551 2190 3597 νοεῖν.
2262 3546 2367 3597 Sed
2409 3566 2570 3615 quum
2614 3545 2677 3597 sit
2718 3567 2813 3615 po-

603 3626 778 3689 tentia,
815 3632 963 3695 ἔχων,
999 3630 1031 3680 i.
1058 3651 1102 3681 c.
1142 3627 1209 3683 ὧν
1246 3630 1489 3701 δυνάμει,
1537 3630 1673 3680 idem
1708 3627 1831 3688 νοῦς
1866 3629 2013 3681 simul
2048 3634 2252 3701 ἐνεργεῖ.
2325 3633 2398 3684 Ita
2432 3630 2815 3697 coniungere-tur

603 3712 806 3782 quidem
851 3714 903 3764 in
950 3717 1132 3767 eodem
1177 3716 1441 3768 enunciato
1485 3715 1735 3786 potentiae
1779 3729 1829 3765 et
1864 3730 2001 3766 actus
2036 3715 2349 3781 significatio,
2393 3719 2481 3769 sed
2517 3718 2603 3787 qui
2639 3719 2725 3769 fiat
2758 3732 2816 3769 ut

601 3799 723 3859 νοῦς
756 3819 862 3851 non
897 3801 1061 3853 solum
1096 3803 1317 3871 potentia
1353 3803 1432 3855 sit·
1448 3803 1535 3853 sed
1574 3815 1703 3865 actu,
1740 3800 1771 3853 i.
1800 3822 1846 3853 e.
1883 3801 2080 3869 νόησις,
2115 3823 2219 3854 non
2250 3817 2376 3857 essct
2403 3803 2691 3855 indicatum.
2746 3805 2817 3855 At

602 3884 698 3935 hoc
735 3900 846 3954 apte
881 3886 1128 3938 indicatur
1162 3886 1203 3938 si
1239 3888 1303 3939 ad
1338 3892 1463 3954 ἔχων
1497 3904 1553 3939 ex
1583 3888 1986 3939 antecedentibus
2014 3886 2079 3940 τὸ
2108 3885 2295 3956 νοητόν
2317 3891 2639 3959 ‚supplemus;
2674 3887 2815 3951 νοῦς,

602 3970 840 4036 quoniam
884 3975 1118 4038 γίγνεται
1160 3973 1348 4040 νοητὸς
1384 3966 1514 4036 ⁶20,
1559 3973 1663 4043 ipse
1708 3974 1761 4024 in
1805 3993 1857 4025 se
1903 3993 2067 4044 neque
2112 3988 2248 4026 extra
2291 3975 2511 4043 positum
2556 3976 2708 4027 hahet
2749 3975 2815 4028 τὸ

603 4054 808 4122 νοητόν,
844 4074 900 4105 ιο
934 4071 1199 4125 propterea
1233 4078 1338 4110 non
1373 4061 1538 4111 solum
1574 4060 1777 4110 facultas
1804 4059 1891 4109 sed
1920 4058 2023 4129 ipse
2053 4073 2191 4111 actus
2216 4075 2289 4112 est
2310 4060 2624 4125 intelligendi.
2678 4061 2821 4121 Ean<

601 4141 718 4191 dem
754 4140 1212 4209 interpretationem
1247 4146 1512 4215 proposuit
1547 4146 1711 4196 Zellcr
1733 4144 1827 4196 Ph.
1856 4146 1906 4196 d.
1938 4145 2029 4197 Gr.
2057 4148 2120 4197 Π.
2158 4168 2208 4216 p.
2240 4160 2357 4209 431,
2395 4162 2450 4211 ³3
2485 4145 2697 4199 Krischii
2731 4166 2817 4199 ex-

601 4226 916 4295 plicationem
952 4228 1179 4295 probavit
1204 4228 1375 4280 Schw.
1407 4264 1467 4274 --
1507 4230 1750 4281 Proximis
1785 4231 1838 4282 in
1876 4232 2032 4284 verbis
2070 4253 2161 4284 cur
2196 4234 2414 4298 vulgatae
2450 4234 2560 4283 lect.
2601 4234 2815 4283 Alexan-

601 4312 678 4363 dri
711 4312 1006 4381 scripturam
1042 4314 1419 4384 praeferendam
1454 4316 1749 4384 putaverim,
1786 4337 1842 4368 ex
1880 4317 1984 4388 ipsa
2020 4319 2427 4389 interpretatione
2461 4338 2698 4389 apparere
2736 4338 2817 4371 ar-

600 4397 782 4462 bitror3
831 4399 926 4451 hoc
963 4398 1096 4450 enim
1133 4402 1222 4451 Ar.
1261 4398 1401 4452 dicit:
1449 4397 1583 4454 ὥστ’
1611 4406 1807 4456 ἐκείνου
1842 4402 1965 4471 (int.
2002 4403 2102 4457 τοῦ
2136 4405 2374 4458 δεκτικὸν
2410 4395 2577 4470 εἶναι)
2613 4403 2819 4473 μᾶλλον

602 4485 763 4537 τοῦτο
801 4482 910 4551 (int
962 4484 1025 4540 τὸ
1063 4489 1294 4559 ἐνεργεῖν,
1330 4502 1380 4540 et
1413 4489 1577 4559 suppl.
1616 4487 1790 4556 ἐστίν)
1830 4487 1861 4543 ὃ
1901 4492 2045 4545 δοκεῖ
2079 4494 2188 4544 κτλ.
