3109 5175
1176 368 1249 440 B
1297 364 1367 440 5.
1452 365 1640 445 1002
1653 389 1722 440 a.
2406 366 2546 443 167

339 553 610 631 pugnet,
654 545 794 609 vice
835 565 1020 611 versa
1065 564 1103 607 e
1146 542 1432 609 sensibili
1465 554 1691 611 natura
1727 565 1939 610 rerum
1972 542 2546 611 mathematica-um

340 658 837 736 argumentatur.
885 650 980 715 Ac
1009 650 1276 734 primum
1307 646 1576 735 quidem,
1609 668 1645 704 a
1663 649 1963 727 15--18‚
1997 646 2189 734 plana
2219 670 2296 712 ac
2325 647 2545 728 lineas,

340 774 506 838 quae
549 761 738 818 antea
782 755 999 838 priora
1043 761 1270 817 natura
1315 752 1694 839 corporibus
1739 774 1880 819 esse
1924 750 2281 830 contendit,
2324 750 2545 817 eadem

339 859 466 921 iam
511 879 548 922 e
593 855 870 945 vulgatis
913 854 1329 942 opinionibus
1367 866 1434 925 et
1468 878 1505 922 e
1546 878 1844 923 sensuum
1883 856 2200 921 evidentia
2235 876 2356 941 pro
2394 875 2546 921 con·

341 982 526 1026 cesso
571 965 760 1032 sumit
803 964 1165 1026 necessario
1211 964 1422 1026 inesse
1468 960 1876 1047 corporibus;
1924 971 1989 1025 at
2023 959 2315 1047 qualibus
2348 962 2547 1027 insint

340 1065 724 1153 corporibus
771 1065 1033 1131 dubium
1082 1075 1193 1143 est,
1240 1087 1447 1150 quum,
1493 1084 1657 1150 quae
1698 1062 2107 1131 sensibilibus
2149 1066 2367 1129 insunt
2410 1084 2548 1128 cor-

338 1169 636 1256 poribus,
694 1192 768 1234 ea
829 1168 1130 1234 differant
1189 1190 1226 1232 a
1284 1179 1504 1233 natura
1565 1190 1776 1235 rerum
1820 1169 2421 1245 mathematicamm,
2474 1172 2547 1233 ev

338 1269 471 1359 γὰρ
515 1283 657 1350 τοῖς
700 1275 1060 1351 αἰσθητοῖς
1100 1268 1431 1338 ἀδύνατον
1469 1269 1638 1338 εἶναι
1671 1293 1707 1329 a
1724 1275 1827 1339 17.
1886 1276 2341 1361 Argumentum
2369 1275 2549 1337 nimi·

341 1400 484 1444 rum
526 1380 790 1464 petitum
837 1389 935 1441 est
981 1397 1055 1441 ex
1099 1380 1413 1443 sententia
1460 1396 1709 1455 eorum,
1768 1380 1874 1465 qui
1923 1376 2118 1443 rebus
2161 1377 2548 1443 mathemati-

341 1487 434 1548 cis
482 1485 830 1551 seiunctam
876 1490 943 1545 et
983 1479 1335 1545 absolutam
1375 1481 1665 1548 tribuunt
1697 1486 2050 1559 essentiam,
2091 1485 2330 1566 pariter
2358 1490 2547 1567 atque

339 1587 505 1653 illud
549 1587 725 1673 quod
772 1584 1070 1649 disseruit
1112 1587 1175 1649 2.
1223 1588 1386 1651 9971>
1422 1588 1508 1651 34
1543 1608 1681 1673 sqq.
1768 1587 1915 1673 Ipse
1960 1589 2127 1653 enim
2172 1584 2548 1652 Aristoteles

336 1713 442 1759 res
491 1691 960 1756 mathematicas
1004 1692 1215 1755 inesse
1262 1699 1481 1755 censet
1522 1690 1718 1759 rebus
1767 1688 2203 1769 sensibilibus,
2256 1687 2373 1754 sed
2412 1709 2550 1753 non

340 1806 652 1882 quatenus
684 1804 833 1860 sunt
861 1792 1212 1872 sensibiles,
1242 1795 1307 1859 Z
1336 1796 1438 1860 10.
1473 1796 1685 1861 10:36⁴
1711 1797 1815 1861 11.
1862 1798 1949 1863 Μ
1973 1797 2034 1862 3.
2100 1793 2377 1872 Deinde,
2410 1795 2550 1859 018

342 1901 556 1979 —20‚
613 1898 805 1986 plana
859 1898 1061 1964 lineas
1116 1907 1349 1983 puncta
1410 1897 1851 1964 distinctiones
1902 1921 2043 1965 esse
2087 1919 2427 1983 corporum
2485 1906 2551 1962 et

341 2008 547 2091 ipsum
592 2014 907 2089 tamquam
953 2001 1215 2067 evidens
1252 2004 1455 2081 sumit,
1500 2005 1813 2090 φαίνεται
1846 2006 2012 2079 οἰὸς
2055 2002 2209 2068 inde
2246 2000 2425 2087 qnod
2462 2000 2551 2066 ei'-

340 2108 568 2187 ficitur,
614 2118 686 2173 nt
728 2129 863 2173 non
908 2107 1159 2191 possint
1200 2126 1321 2191 pro
1360 2104 1728 2171 substantiis
1762 2106 1999 2184 haberi,
2042 2104 2282 2171 addere
2320 2106 2550 2171 omisit.

343 2213 420 2279 cf.
470 2216 547 2280 N
579 2213 639 2278 3.
686 2203 889 2278 10901·
925 2211 1185 2276 5-13.
1227 2246 1310 2259 —
1358 2210 1645 2289 Accedit,
1680 2212 2037 2289 azo—28,
2080 2210 2257 2297 quod
2298 2211 2367 2275 in
2412 2228 2552 2275 cor-

343 2339 507 2404 pore
567 2315 781 2402 aliquo
842 2314 1166 2403 quaelibet
1221 2312 1429 2401 figura
1485 2320 1799 2400 pariter
1849 2313 2134 2402 putanda
2179 2325 2277 2379 est
2317 2317 2549 2379 inesse.

344 2424 473 2487 Iam
520 2444 709 2508 quum
757 2422 1141 2497 Mercurius,
1190 2421 1296 2505 qui
1339 2421 1508 2483 inest
1552 2423 1813 2506 corpori
1857 2415 2152 2503 δυνάμει,
2194 2438 2329 2485 non
2374 2422 2552 2502 ἐνερ-

341 2527 494 2612 γείᾳ
534 2525 643 2591 vel
686 2523 773 2604 ὡς
815 2523 1282 2616 ἀφωρισμένον
1318 2524 1482 2603 «124,
1541 2544 1675 2594 non
1733 2524 1861 2590 dici
1903 2526 2110 2612 possit
2155 2525 2215 2590 ei
2256 2542 2413 2588 vere
2457 2525 2555 2588 in-

346 2653 515 2698 esse:
574 2634 872 2717 quoniam
934 2629 1153 2696 eadem
1216 2641 1315 2696 est
1370 2631 1651 2695 omnium
1698 2629 2042 2717 figurarum
2095 2631 2288 2704 ratio,
2344 2648 2429 2696 ne
2477 2649 2554 2692 ea

346 2735 599 2822 quidem
643 2735 845 2823 figura
890 2739 1024 2802 sive
1072 2757 1187 2800 eae
1231 2733 1633 2822 superficies,
1678 2733 1907 2820 quibus
1952 2732 2257 2801 definitur
2299 2753 2553 2819 corpus,
2664 2811 2675 2815 q

344 2861 498 2905 vere
554 2861 695 2906 esse
753 2851 1129 2908 statuentur.
1220 2837 1462 2903 Eadem
1509 2841 2001 2925 argumentatio,
2058 2840 2245 2903 sicuti
2288 2836 2374 2903 ad
2414 2857 2554 2902 cor-

344 2966 538 3030 pora,
591 2947 676 3008 ita
725 2944 806 3008 ad
850 2943 1038 3031 plana
1085 2955 1150 3008 et
1191 2943 1393 3007 lineas
1439 2941 1816 3029 pertinebit;
1873 2953 1937 3006 et
1981 2964 2171 3027 quum
2217 2942 2312 3005 bis
2357 2944 2585 3026 potis--

343 3053 566 3114 simum
611 3048 1004 3114 substantiae
1051 3047 1418 3136 dignitatem
1464 3044 1865 3111 tribuendam
1915 3068 2055 3110 esse
2099 3057 2282 3110 antea
2326 3047 2410 3110 sit
2447 3043 2553 3109 de·

343 3161 776 3233 monstratum,
812 3155 969 3233 026,
1012 3156 1067 3216 si
1113 3153 1270 3216 baec
1311 3154 1557 3238 privata
1596 3163 1745 3216 sunt
1781 3154 2074 3230 essentia,
2117 3147 2318 3216 multo
2365 3153 2551 3215 etiam

342 3261 550 3323 minus
607 3278 880 3343 corpora
936 3266 1243 3343 poterunt
1298 3276 1418 3341 pro
1476 3255 1841 3322 substantiis
1899 3253 2139 3319 baberi.
2196 3293 2285 3305 -
2346 3255 2553 3319 Huius

344 3363 912 3449 argumentationis
959 3361 1128 3426 fraus
1173 3362 1240 3425 in
1287 3381 1368 3425 eo
1415 3361 1722 3437 cernitur,
1774 3357 1949 3446 quod
1991 3361 2060 3422 in
2106 3359 2553 3444 propositione

345 3465 709 3554 syllogismi
766 3487 875 3530 eas
932 3467 1118 3551 ponit
1169 3463 1440 3551 figuras,
1498 3484 1662 3549 quae
1709 3464 2087 3549 potentia
2132 3471 2371 3526 tantum
2417 3482 2556 3526 cor·

347 3573 494 3656 pori
540 3574 786 3650 insunt,
845 3568 1322 3635 conclusionem
1380 3579 1588 3633 autem
1635 3567 1718 3632 ad
1762 3588 1902 3634 eam
1947 3565 2230 3630 extendit
2269 3564 2555 3653 figuram,

349 3696 513 3760 quae
557 3683 742 3740 actu
771 3695 1003 3758 corpus
1034 3672 1500 3739 circumscribit.
1534 3709 1616 3724 —
1648 3671 1965 3756 Denique,
1987 3670 2382 3749 aze—⁶11,
2406 3669 2557 3735 sub·

351 3781 622 3844 stantiae
666 3779 794 3843 hoc
838 3788 935 3842 est
979 3781 1326 3864 proprium,
1369 3788 1442 3842 ut
1482 3775 1923 3842 intercedente
1957 3777 2374 3862 generatione
2416 3795 2556 3839 esse

349 3886 611 3969 incipiat
656 3892 723 3948 et
759 3885 1171 3967 corruptione
1205 3881 1642 3947 intercedente
1676 3881 1927 3946 desinat
1958 3900 2126 3954 esse3
2173 3889 2239 3941 at
2271 3877 2383 3942 ubi
2418 3900 2557 3944 cor·

352 4008 508 4072 pora
553 3985 751 4054 modo
797 4008 868 4050 se
913 3990 1292 4074 contingunt
1343 3990 1612 4052 invicem
1657 3985 1854 4052 modo
1901 3985 2311 4062 dirimuntur,
2366 3982 2556 4070 plana

353 4113 429 4155 ac
486 4088 694 4156 lineae
752 4089 950 4155 modo
1007 4103 1156 4157 sunt
1210 4090 1408 4155 modo
1464 4112 1599 4156 non
1651 4102 1800 4155 sunt
1842 4091 1984 4155 sine
2029 4090 2445 4175 generatione
2491 4097 2559 4151 et

354 4199 788 4281 corruptione.
876 4196 962 4258 Et
1006 4218 1193 4281 quum
1240 4217 1656 4281 quaecunque
1700 4194 1886 4271 fiunt,
1933 4213 2007 4257 ea
2053 4193 2267 4257 omnia
2313 4213 2385 4255 ex
2430 4212 2559 4254 ma·

355 4304 513 4364 teria
558 4299 827 4387 quadam
869 4299 1055 4376 fiant,
1111 4298 1300 4386 plana
1350 4312 1413 4363 et
1455 4299 1666 4364 lineae
1712 4295 1881 4362 unde
1926 4297 2222 4384 generari
2264 4306 2557 4379 putemus

354 4425 490 4469 non
544 4415 762 4490 potest
817 4402 973 4480 dici,
1032 4405 1100 4468 ἔκ
1144 4426 1321 4479 τινος
1361 4405 1708 4490 γίγνονται
1740 4404 1853 4478 ⁶5,
1910 4404 2047 4465 sive
2105 4399 2280 4487 quod
2323 4402 2558 4464 rectius

355 4508 608 4577 videtur
652 4508 878 4587 scribi,
921 4519 993 4574 ut
1037 4506 1380 4572 difficultas
1426 4506 1579 4572 inde
1625 4517 1765 4572 orta
1809 4505 2219 4594 significetur,
2269 4508 2340 4568 ἐκ
2382 4505 2560 4578 τίνος
