3109 5175
1175 370 1357 451 1'22.
1441 373 1626 450 1003
1647 373 1710 447 b.
2410 371 2547 448 175

338 554 641 631 tinentor,
682 554 815 618 τῶν
851 552 1057 618 εἰδῶν.
1092 587 1175 604 -·
1221 551 1425 639 Quod
1471 552 1628 619 dicit
1670 547 1809 633 εἴδη
1851 553 1971 619 τοῦ
2006 546 2200 629 ὄντος
2232 553 2376 630 ὂ21,
2420 553 2551 638 qui-

337 656 461 721 bus
517 655 731 721 verbis
789 659 982 722 tacite
1037 660 1228 722 sumit
1286 677 1426 723 esse
1479 660 1668 723 etiam
1714 679 1908 723 unum
1951 661 2141 740 γένος
2179 657 2301 722 τοῦ
2343 650 2553 734 ὄντος,

339 759 518 846 quod
563 781 696 826 non
744 783 883 826 esse
928 760 1080 826 alibi
1127 761 1605 841 demonstravit,
1648 761 1727 827 cf.
1775 760 1857 826 ad
1900 760 1969 827 B
2003 763 2066 826 3.
2104 762 2264 827 998⁶
2294 762 2400 838 22,
2441 781 2553 847 ge-

336 868 513 929 neris
557 886 794 934 nomen
840 866 1028 932 latius
1075 867 1357 932 extendit
1399 866 1483 932 ad
1524 860 1612 932 τοὶ
1655 860 1821 952 πρὸς
1863 867 1933 931 ἓν
1975 859 2325 949 λεγόμενα,
2377 865 2553 927 nimi-

337 991 480 1034 rum
540 991 615 1035 ea
674 970 1150 1058 quodammodo
1209 975 1395 1037 etiam
1454 992 1597 1036 esse
1651 967 1818 1036 καθ·’
1864 971 1936 1036 ἓν
1991 966 2312 1056 λεγόμενα
2361 988 2552 1054 supra

336 1078 466 1139 iam
513 1074 684 1153 dixit,
733 1075 809 1139 cf.
856 1074 939 1139 ad
983 1077 1129 1142 ⁶14.

477 1181 794 1245 1003ῠ22
833 1184 900 1244 εὶ
938 1173 1034 1259 δὴ
1073 1173 1165 1245 τὸ
1212 1171 1304 1245 ὃν
1335 1217 1417 1231 --
1444 1181 1655 1245 loma
1685 1183 1718 1245 l
1761 1176 2369 1264 ἀντικειμένων.
2424 1180 2553 1245 Iam

340 1305 539 1369 quum
584 1283 875 1373 singulae
911 1287 1074 1348 entis
1109 1269 1325 1370 pai-tes
1358 1281 1646 1373 singulas
1683 1288 2073 1349 constituant
2104 1283 2555 1372 philosophiae

339 1386 743 1474 disciplinas,
795 1389 1122 1475 quomodo
1168 1389 1506 1475 partienda
1550 1392 1633 1454 sit
1674 1393 1857 1456 notio
1906 1391 2070 1453 entis
2117 1399 2183 1454 et
2225 1412 2385 1475 quae
2430 1392 2557 1454 sint

338 1496 649 1558 notiones
697 1491 778 1557 ad
826 1515 962 1559 eam
1007 1493 1410 1573 referendae,
1469 1492 1753 1558 adhibita
1797 1494 2068 1558 notione
2111 1494 2233 1558 τοῦ
2274 1490 2422 1570 ἑνός
2462 1497 2556 1558 in-

343 1600 635 1685 vestigat,
681 1619 869 1684 quam
915 1597 1168 1684 quidem
1214 1609 1556 1685 propterea
1607 1598 1896 1664 adhiberi
1943 1597 2107 1676 licet,
2153 1602 2298 1683 quia
2345 1619 2419 1662 ea
2464 1602 2557 1662 in-

340 1699 613 1765 tercedit
655 1704 823 1766 inter
865 1696 946 1767 τὸ
993 1697 1074 1767 ὄν
1111 1714 1178 1767 et
1211 1698 1294 1767 τὸ
1329 1708 1400 1767 ἕν
1439 1701 1866 1781 necessitudo,
1908 1711 1997 1780 ut,
2033 1711 2192 1788 quot
2229 1713 2379 1766 sunt
2415 1723 2556 1788 spe-

341 1807 474 1869 cies
508 1804 784 1884 alterius,
823 1804 1088 1871 totidem
1126 1810 1312 1871 etiam
1345 1810 1748 1893 reperiantur
1777 1805 2037 1872 alterius
2068 1826 2227 1884 esse,
2272 1807 2353 1871 cf.
2386 1807 2554 1893 Top.

340 1908 440 1973 lv
480 1912 537 1973 l.
580 1911 740 1974 12Ῑό
775 1913 835 1976 7.
896 1913 956 1975 6.
1002 1913 1166 1977 127³
1201 1913 1310 1975 27.
1401 1912 1583 1975 Hanc
1625 1910 2158 1976 necessitudinem
2202 1911 2322 1975 τοῦ
2364 1903 2558 1985 ὄντος

343 2022 411 2077 et
453 2013 574 2077 τοῦ
615 2009 764 2090 ἑνός
805 2016 1070 2101 primum
1118 2013 1371 2099 quidem
1417 2024 1732 2101 tamquam
1778 2012 2036 2079 aliunde
2081 2017 2203 2077 iam
2250 2017 2401 2077 satis
2440 2033 2557 2077 no-

342 2125 473 2181 tam
520 2116 708 2182 affert
751 2123 845 2198 (εὶ
889 2113 987 2198 δή
1022 2120 1208 2197 ⁵22),
1256 2141 1331 2182 ac
1374 2118 1565 2184 talem
1612 2139 1752 2183 esse
1790 2118 2126 2206 significat,
2169 2127 2243 2182 ut
2279 2139 2414 2182 non
2454 2137 2558 2181 ea-

343 2219 491 2285 dem
548 2224 631 2285 sit
685 2225 1013 2308 utriusque
1069 2226 1285 2303 notio,
1344 2222 1460 2288 sed
1516 2233 1591 2288 ut
1646 2225 1915 2288 invicem
1973 2245 2043 2287 se
2101 2236 2448 2309 sequantur
2490 2232 2558 2288 et

343 2327 759 2404 comitentur,
820 2328 912 2408 τῷ
970 2324 1486 2394 ἀκολουθεῖν
1547 2324 1859 2407 ἀλλήλοις
1905 2329 2037 2392 ὂ23
2092 2327 2215 2406 (cf.
2271 2326 2356 2391 de
2411 2347 2554 2392 voc.

347 2426 756 2494 ἀκολουθεῖν
800 2429 882 2495 ad
915 2431 983 2495 A
1018 2434 1074 2495 l.
1106 2433 1276 2496 981ae
1298 2434 1446 2513 27),
1490 2431 1739 2519 qualem
1776 2434 2113 2497 notionum
2150 2435 2317 2496 inter
2352 2453 2423 2497 se
2459 2453 2558 2496 ra-

343 2536 584 2599 tionem
642 2536 811 2601 inter
869 2532 1041 2623 ἀρχή
1088 2546 1156 2601 et
1199 2535 1414 2603 αἴτιον
1457 2537 1751 2603 obtinere
1798 2535 1946 2602 alibi
1993 2535 2336 2625 significat,
2394 2538 2449 2602 A
2494 2539 2553 2602 1.

345 2640 559 2705 1013α
585 2641 686 2705 16.
755 2640 1014 2706 Deinde
1061 2653 1267 2707 autem
1303 2647 1369 2707 in
1405 2644 1785 2728 parenthesi,
1830 2643 2127 2728 διαφέρει
2156 2679 2243 2690 -
2274 2642 2363 2707 33
2392 2635 2555 2728 ὅπερ

343 2736 429 2839 ὄν
468 2767 548 2823 τι,
593 2743 676 2809 ad
717 2755 955 2809 tantam
1000 2744 1465 2834 longitudinem
1508 2746 1851 2833 producta,
1896 2759 1972 2810 ut
2000 2749 2200 2832 ipsius
2237 2749 2557 2811 enunciati

347 2847 915 2913 conformationem
963 2853 1404 2937 interrumpat,
1465 2860 1552 2929 et,
1599 2872 1762 2936 quae
1805 2855 1872 2914 in
1918 2850 2192 2938 apodosi
2237 2853 2557 2915 enuncian’

343 2950 808 3017 condicionalis
855 2953 1123 3019 dicenda
1172 2966 1368 3032 erant,
1414 2977 1450 3019 a
1496 2953 1805 3042 particula
1841 2950 2005 3019 ὥστε
2045 2955 2375 3020 ordiantur
2409 2955 2555 3032 ⁶33,

341 3056 502 3121 nihil
550 3056 812 3122 differre
858 3062 946 3122 ait
992 3058 1074 3123 ad
1118 3063 1522 3148 propositum
1570 3060 1698 3125 hoc
1740 3057 1890 3124 loco
1947 3059 2140 3124 finem
2186 3062 2239 3125 si
2287 3058 2555 3123 eandem

343 3163 778 3226 censuerimus
834 3166 1161 3250 utriusque
1218 3175 1284 3229 et
1339 3168 1599 3230 unitatis
1658 3175 1724 3228 et
1780 3167 2093 3229 essentiae
2151 3186 2292 3229 esse
2343 3167 2557 3230 notio-

339 3286 489 3330 nem
549 3260 675 3345 (ἂν
721 3263 965 3351 ὁμοίως
1005 3264 1446 3353 ὑπολάβωμεν
1487 3271 1693 3350 ῠ25),
1750 3281 1816 3332 et
1870 3289 1985 3333 cur
2038 3273 2127 3332 ita
2185 3268 2378 3333 liceat
2432 3281 2557 3333 sta-

341 3380 525 3435 tuere
572 3374 958 3458 argumentis
1005 3373 1395 3460 comprobat.
1488 3372 1665 3438 Nihil
1725 3375 1889 3437 enim
1948 3371 2166 3437 differt
2215 3383 2426 3438 utrum
2472 3368 2555 3437 ad

341 3467 710 3557 ἅνθρωπος
765 3486 1051 3540 neutram
1109 3499 1231 3542 nec
1284 3479 1405 3542 τοῦ
1460 3469 1655 3552 ὄντος
1704 3498 1827 3541 nec
1869 3478 1991 3541 τοῦ
2031 3472 2179 3552 ἑνός
2221 3480 2553 3541 notionem

342 3577 789 3658 adiecerimus,
847 3601 929 3644 an
988 3581 1248 3647 alteram
1307 3593 1509 3648 utram
1569 3575 1812 3662 (ταύτὸ
1867 3572 1997 3663 γὰρ
2055 3575 2147 3656 εἷς
2190 3573 2555 3664 ἄνθρωπος

341 3686 456 3748 καὶ
500 3676 592 3749 ὢν
635 3682 1002 3770 ἅνθρωπος
1044 3688 1157 3750 καὶ
1199 3679 1565 3770 ἄνθρωπος
1599 3687 1786 3765 ῠ26),
1832 3694 1898 3749 et
1940 3686 1992 3748 si
2039 3683 2152 3748 has
2198 3683 2356 3750 duas
2401 3700 2555 3747 con-

341 3787 505 3852 fines
549 3790 719 3853 inter
761 3810 833 3853 se
877 3792 1178 3855 notiones
1216 3793 1476 3855 unitatis
1515 3800 1582 3855 et
1619 3790 1932 3854 essentiae
1968 3793 2338 3856 coniunctas
2373 3807 2553 3874 prae-

344 3889 655 3956 dicaveris
714 3891 797 3956 de
841 3893 1101 3959 homine
1149 3890 1855 3980 (ὲπαναδιπλούμενον,
1901 3896 1979 3958 cf.
2024 3892 2257 3961 Waitz
2302 3892 2383 3959 ad
2427 3894 2551 3958 An.

344 4017 439 4081 pr.
486 3996 518 4060 1
561 3997 667 4062 38.
714 3998 839 4062 491
878 4000 1033 4077 11),
1081 3998 1239 4063 nihil
1284 3999 1748 4088 significaveris
1792 3997 1997 4078 aliud,
2040 4003 2161 4065 nisi
2207 3999 2383 4086 quod
2428 4001 2553 4063 iam

344 4097 544 4165 altera
589 4110 730 4165 utra
774 4104 842 4165 in
887 4101 1255 4188 praedicato
1294 4107 1506 4189 posita
1545 4102 1966 4192 significatum
2009 4114 2119 4184 est,
2167 4101 2285 4189 οὐχ
2330 4097 2554 4189 ἔτερόν

342 4225 408 4267 τι
443 4204 636 4281 δηλοῖ
664 4242 753 4255 ——-
779 4203 861 4270 τὸ
901 4203 992 4283 εἷς
1030 4209 1209 4272 ἐστὶν
1245 4201 1610 4293 ἄνθρωπος
1643 4210 1756 4274 καὶ
1791 4209 1967 4274 ἔστιν
2003 4203 2369 4291 ἄνθρωπος
2396 4206 2546 4272 027.

345 4308 647 4386 (Retinui
693 4331 829 4374 eam
875 4310 1234 4391 lectionem,
1281 4333 1463 4398 quam
1512 4313 1748 4378 Brand.
1797 4322 1863 4377 et
1900 4312 2066 4377 Bkk.
2114 4311 2549 4391 exhibuerunt,

345 4434 715 4500 quamquam
764 4434 837 4479 ea
884 4417 1207 4501 scriptura,
1252 4437 1435 4501 quam
1481 4415 1660 4481 Alex.
1705 4439 1767 4502 p.
1798 4419 1947 4496 204,
1980 4419 2065 4482 10
2108 4418 2177 4480 in
2222 4425 2396 4481 textu
2441 4415 2549 4479 ha-

339 4515 479 4582 buit
523 4529 590 4583 et
631 4527 782 4605 apte
824 4518 1120 4607 explicat:
1163 4515 1243 4587 τὸ
1289 4517 1382 4597 εἷς
1425 4522 1605 4587 ἐστὶν
1647 4514 2011 4609 ἄνθρωπος
2053 4523 2165 4588 καὶ
2209 4522 2386 4586 ἔστιν
2427 4512 2546 4584 ἄν·
