3109 5175
1153 356 1346 433 Ae.
1421 356 1657 435 987⁶,
2400 359 2502 435 a*

287 525 537 599 ideeles
577 527 698 597 sed
738 531 1007 617 impares
1047 552 1350 601 numeros
1394 532 1636 601 ideales
1678 532 1953 622 intelligi
1991 533 2148 603 vult.
2221 535 2308 605 Et
2341 535 2503 613 haee

289 633 548 719 quidem
579 633 900 701 Brundisii
947 635 1288 721 explicatio
1327 636 1507 703 nullo
1542 636 1741 703 modo
1776 637 2028 704 videtur
2061 660 2138 703 ex
2172 642 2323 725 ipsis
2361 639 2502 705 Ari-

288 738 543 807 stotelis
586 738 800 805 verbis
845 742 1052 824 repeti
1094 759 1318 824 posse;
1365 745 1598 809 etenim
1632 742 1878 828 πρῶτοι
1918 741 2357 828 aecipiendum
2387 763 2501 809 ne·-

289 844 569 909 eesaario
615 851 715 907 est
757 852 868 909 aut
910 842 1350 908 mathematico
1397 865 1595 911 sensu
1635 855 1744 909 aut
1787 843 2039 932 logico,
2092 866 2226 911 non
2270 856 2501 933 potest,

289 967 455 1031 quae
485 955 584 1011 est
602 945 926 1013 Brandisii
953 950 1284 1026 sententia,
1315 958 1651 1033 utrumqne
1680 947 1864 1013 simul
1893 947 2249 1035 complecti.
2296 951 2501 1019 Trea-

290 1047 722 1137 delenhnrgio
758 1058 966 1116 autem
1007 1059 1071 1115 et
1098 1050 1356 1117 Zellero
1388 1050 1454 1117 id
1493 1051 1744 1137 quidem
1775 1073 1911 1117 non
1940 1064 2157 1140 potest
2182 1074 2316 1121 non
2347 1074 2503 1121 eon»

289 1151 449 1231 cedi,
494 1157 857 1240 saepissime
902 1153 1121 1243 logico
1167 1175 1360 1223 sensu
1404 1155 1575 1242 apud
1622 1155 2027 1223 Aristotelem
2073 1155 2157 1223 ad
2198 1178 2500 1225 numeros

289 1254 442 1321 addi
498 1257 876 1325 adiectivum
934 1258 1220 1344 πρῶτος,
1278 1268 1350 1323 ut
1406 1257 1646 1325 ideales
1691 1262 1935 1327 numeri
1979 1259 2419 1329 discernantur
2460 1285 2497 1327 a

289 1360 769 1440 mathematicis,
828 1362 908 1427 ef.
964 1356 1188 1447 πρώτη
1246 1358 1407 1440 δυάς
1459 1365 1549 1428 Μ
1588 1365 1647 1428 7.
1698 1365 1865 1430 1081
1926 1368 2189 1453 passim,
2242 1367 2501 1453 πρῶτος

288 1460 589 1550 ἀριθμός
637 1467 842 1532 1081a
876 1468 937 1543 4,
982 1459 1350 1553 quamquam
1393 1465 1562 1533 idem
1609 1465 1987 1535 adieetivum
2032 1472 2217 1535 etiam
2264 1469 2500 1535 mathe-

253 1569 566 1661 qmathico
610 1579 1190 1658 sensuusnrpatur
1218 1573 1279 1636 Θ
1317 1574 1413 1639 10.
1449 1572 1659 1637 1052a
1682 1574 1754 1648 ὃς
1799 1573 1914 1639 sed
1956 1575 2081 1641 nisi
2106 1593 2500 1661 magnopere

287 1673 483 1738 fallor
537 1696 654 1761 per
708 1676 1064 1743 sententiae
1116 1677 1423 1741 rationem
1471 1674 1612 1741 fieri
1658 1675 1838 1743 nullo
1883 1675 2078 1747 modo
2124 1687 2370 1764 potest,
2429 1686 2501 1745 ut

287 1778 542 1865 πρῶτοι
585 1776 873 1862 ἀριθμοί
914 1778 1041 1843 hoc
1084 1777 1236 1845 loco
1276 1778 1357 1851 de
1392 1778 1704 1847 idealihus
1738 1783 2015 1847 numeris
2048 1780 2497 1870 intelligamus.

293 1882 544 1947 Etenim
578 1880 955 1949 Aristoteles
1000 1893 1333 1969 postquam
1381 1882 1603 1949 eadem
1648 1905 1861 1951 rerum
1905 1896 1971 1950 et
2011 1884 2292 1950 idearum
2326 1884 2499 1972 apud

292 1985 628 2053 Platonem
687 2007 828 2052 esse
883 1989 1194 2073 principia
1251 1985 1466 2051 retulit
1523 1997 1591 2052 et
1644 1986 1970 2074 quomodo
2020 1986 2206 2054 ideae
2253 2010 2329 2054 ex
2370 1987 2499 2057 illis

289 2093 621 2178 principiis
666 2092 1210 2180 progignerentur
1256 2092 1579 2177 exposuit,
1623 2087 1692 2169 ἐξ
1738 2091 1997 2157 ἐκείνων
2040 2085 2171 2174 γὰρ
2218 2129 2298 2147 --
2347 2085 2502 2168 τοὺς

289 2190 630 2281 ἀριθμούς
664 2197 821 2275 ῠ21,
865 2198 988 2261 iam
1031 2217 1141 2261 eas
1187 2194 1375 2260 affert
1416 2196 1727 2274 rationes,
1769 2195 1997 2282 quibus
2041 2195 2371 2261 Platonem
2414 2195 2501 2263 ad

289 2298 460 2365 hane
514 2302 892 2365 sententiam
951 2298 1274 2367 inductum
1333 2309 1530 2386 putet.
1620 2299 1840 2385 Quare
1897 2302 2139 2367 etiamsi
2183 2297 2368 2366 Plato
2423 2320 2501 2366 ex

289 2402 407 2468 illa
451 2401 667 2489 dyade
711 2406 924 2493 magni
971 2414 1038 2471 et
1079 2406 1261 2492 parvi
1301 2401 1543 2469 ideales
1585 2425 1885 2473 numeros
1922 2403 2028 2469 vel
2063 2407 2325 2473 omnino
2364 2424 2501 2473 non

288 2505 617 2575 videretur
660 2511 994 2597 repetiisse
1039 2506 1146 2574 vel
1187 2528 1323 2576 non
1368 2527 1606 2588 omnes,
1650 2507 1825 2596 quod
1868 2529 1955 2574 ne
1990 2529 2213 2575 verum
2246 2508 2499 2597 quidem

295 2632 439 2677 esse
470 2614 608 2699 ipse
638 2612 926 2680 Zellerus
971 2612 1194 2682 docuit
1235 2612 1277 2678 1.
1309 2612 1372 2693 1.,
1413 2614 1542 2680 hoe
1585 2624 1796 2680 tamen
1838 2611 1988 2680 loco
2036 2624 2102 2680 et
2142 2618 2210 2680 in
2246 2613 2368 2678 hac
2404 2635 2501 2678 nr·-

291 2715 707 2805 gumentandi
747 2720 994 2782 ratione
1040 2716 1417 2784 Aristoteles
1476 2718 1772 2805 profecto
1830 2716 2044 2784 dicere
2088 2739 2222 2783 non
2264 2729 2503 2804 potest,

289 2831 636 2908 propterea
688 2820 1022 2888 Platonem
1080 2821 1248 2888 hano
1302 2821 1580 2909 dyadem
1635 2843 1759 2909 pro
1814 2819 2123 2887 materiali
2178 2824 2499 2909 principio

291 2947 482 3011 quum
526 2947 734 2992 rerum
779 2937 908 2992 tum
956 2926 1238 2992 idearum
1281 2929 1594 3006 statuisse,
1638 2923 1812 3012 quod
1857 2947 1932 2991 ex
1976 2947 2052 2994 ea
2094 2926 2285 2993 facile
2317 2947 2500 3013 repe·-

287 3038 504 3096 tantur
554 3028 797 3116 reliqua
855 3033 1098 3109 omnia,
1150 3040 1406 3115 praeter
1451 3050 1553 3109 ea,
1615 3050 1777 3116 quae
1820 3033 2274 3116 quummaxime
2320 3040 2501 3096 erant

289 3132 662 3218 repetenda,
707 3155 1010 3200 numeros
1045 3133 1307 3200 ideales.
1381 3135 1526 3200 Hoe
1571 3145 1740 3201 esset
1781 3134 2222 3224 redarguentis
2265 3133 2499 3222 placita

293 3234 645 3315 Platonica,
675 3237 850 3325 quod
871 3237 1248 3304 Aristoteles
1278 3249 1506 3340 postea
1537 3240 1788 3306 demum
1818 3242 2089 3306 instituit
2116 3240 2285 3306 988«
2309 3240 2498 3316 1-7,

289 3361 427 3406 non
475 3339 867 3427 explicantis.
931 3343 1046 3408 His
1086 3341 1444 3409 rationibus
1488 3342 1798 3410 adduetus
1835 3344 2048 3410 facere
2074 3364 2211 3411 non
2238 3365 2500 3431 possum

289 3446 445 3530 quin
481 3457 695 3530 spreta
732 3449 1108 3514 anctoritate
1149 3445 1669 3525 doctissimorum,
1710 3449 1819 3532 qui
1852 3468 2026 3514 nune
2057 3458 2221 3526 sunt,
2254 3448 2499 3514 Ariam-

289 3546 436 3614 telis
481 3551 896 3635 interpretum
943 3549 1023 3615 ad
1069 3549 1413 3616 Alexandri
1459 3550 1945 3638 explicationem
1987 3549 2261 3618 rodem.
2342 3551 2501 3615 Pro·

287 3662 537 3739 pterea,
595 3656 686 3718 ait
729 3657 925 3742 igitur
967 3654 1375 3734 Aristoteles,
1431 3676 1553 3743 pro
1606 3654 1911 3724 materiali
1953 3657 2264 3743 principio
2307 3653 2496 3720 Plato

290 3754 567 3841 dyadem
612 3757 864 3824 videtur
904 3762 1216 3846 posuisse,
1260 3760 1406 3844 quia
1451 3762 1729 3839 numeri,
1772 3782 2041 3846 quorum
2086 3758 2168 3824 ad
2212 3770 2499 3828 naturam

288 3858 396 3926 vel
442 3859 912 3930 similitudinem
956 3862 1136 3932 ideas
1176 3883 1322 3930 suas
1353 3862 1713 3951 redegerat,
1754 3886 2043 3954 magnam
2073 3873 2311 3950 partem
2343 3860 2496 3948 dya-
2636 3935 2639 3942 .

288 3961 390 4028 dis
435 3983 565 4051 ope
608 3970 1100 4055 progignuntur,
1147 3970 1427 4053 exceptis
1471 3970 1761 4034 nimirum
1806 3970 2084 4035 numeris
2128 3965 2235 4032 vel
2273 3964 2498 4034 indivi-

287 4065 586 4134 sibilibus
629 4070 736 4135 vel
780 4074 1041 4136 omnino
1087 4069 1450 4156 imparibus.
1541 4073 1753 4157 Atque
1811 4093 1947 4136 eam
1998 4073 2309 4138 rationem
2357 4069 2497 4134 Pla-

286 4173 428 4236 toni
471 4171 787 4239 subiicere
833 4195 913 4239 eo
959 4177 1162 4264 magis
1207 4184 1466 4260 poterat
1491 4174 1890 4256 Aristoteles,
1936 4179 2079 4263 quia
2113 4173 2297 4240 Plato
2342 4193 2496 4238 sane

287 4273 548 4356 alimbi,
584 4278 785 4344 Parm.
816 4301 879 4366 p.
916 4281 1109 4359 14411,
1156 4299 1230 4346 ex
1276 4281 1519 4348 unitate
1565 4288 1631 4344 et
1674 4278 1905 4365 dyade‚
1957 4281 2237 4366 quamvis
2275 4277 2392 4342 hac
2431 4286 2497 4341 et

285 4380 426 4465 ipsa
470 4383 742 4466 repetita
788 4404 862 4448 ex
908 4383 1180 4462 unitate,
1225 4403 1448 4448 omnes
1492 4384 1826 4471 progignit
1868 4404 2192 4462 numeros,
2240 4401 2497 4467 quicun-

285 4504 414 4570 que
465 4494 616 4558 sunt
670 4478 869 4574 ἄρτια
920 4480 1218 4575 ἀρτιάκις
1257 4486 1374 4556 καὶ
1414 4507 1686 4574 asporta
1728 4482 2099 4574 περιττάκις
2140 4487 2254 4556 καὶ
2298 4478 2496 4572 ἄρτια
