3109 5175
1174 377 1253 447 A
1302 373 1370 447 3.
1456 371 1723 450 1070a.
1836 431 1851 438 -
2399 370 2577 447 475-

1234 601 1464 676 CAP.
1533 601 1669 675 111.

484 747 562 829 4)
593 743 733 811 Nec
763 749 1038 811 maerin
1058 747 1280 831 prima
1309 745 1678 832 necsorma
1693 747 1916 831 prima
1934 755 2312 830 generatur,
2343 746 2544 811 1069b

349 850 436 915 35
454 886 533 900 —
554 852 759 916 107oa
794 852 851 916 4.

477 970 810 1035 Materiam
854 972 1114 1055 primam
1154 990 1287 1035 non
1325 972 1639 1058 generari,
1682 968 1797 1034 sed
1829 966 2177 1057 generandi
2207 989 2348 1033 esse
2379 973 2549 1056 prin-

352 1075 581 1161 cipium
627 1073 1020 1139 demonstrat
1061 1075 1251 1160 Phys.
1286 1074 1316 1138 1
1351 1076 1412 1139 9.
1450 1074 1618 1140 1920
1650 1076 1733 1139 27
1759 1073 1957 1150 -34,
2009 1061 2090 1137 de
2135 1073 2339 1138 forma
2381 1072 2549 1140 idem

349 1178 728 1264 comprobat
765 1178 829 1241 Z
852 1179 912 1243 8.
949 1180 1137 1244 1033.
1214 1179 1518 1243 Neutram
1567 1176 2058 1262 disputationem
2104 1176 2230 1242 hoc
2264 1176 2416 1250 loco
2451 1201 2551 1244 re-

349 1284 565 1367 spicit,
624 1281 740 1347 sed
785 1283 1060 1349 breviter
1103 1282 1300 1348 modo
1346 1281 1691 1369 significat,
1748 1283 1815 1344 in
1858 1280 2173 1346 infinitum
2219 1281 2360 1347 fore
2401 1304 2551 1368 pro—

348 1385 796 1474 grediendum,
852 1389 905 1450 si
964 1386 1125 1450 haec
1168 1388 1481 1473 principia
1528 1397 1593 1450 et
1636 1389 1772 1472 ipsa
1817 1383 1958 1450 fieri
2001 1389 2419 1472 posuerimus.
2465 1423 2548 1438 —-

354 1492 506 1555 Tria
547 1492 786 1576 requiri
828 1493 896 1554 in
941 1493 1118 1556 omni
1157 1493 1606 1578 generatione,
1646 1492 1711 1555 τὶ
1755 1487 1856 1569 (h.
1890 1511 1944 1555 e.
1989 1488 2058 1569 ἐξ
2102 1480 2240 1570 οὗ),
2281 1484 2411 1556 ὑπό
2454 1512 2550 1555 τι·

353 1617 496 1671 νος,
555 1591 645 1670 εἵς
686 1617 779 1671 τι,
826 1594 903 1659 cf.
948 1596 1012 1659 Z
1051 1598 1110 1661 7.
1154 1596 1217 1660 8.
1266 1632 1343 1645 —
1392 1596 1522 1659 1235
1567 1588 1732 1680 μετὰ
1776 1594 1985 1658 ταῦτα
2030 1588 2163 1673 ὅτι,
2206 1598 2246 1658 i.
2285 1616 2343 1660 e.
2385 1589 2553 1679 μετὰ

351 1698 563 1762 ταῦτα
606 1699 814 1783 λέγειν
858 1701 957 1764 δεῖ
1001 1696 1122 1777 ὅτι,
1169 1699 1246 1764 cf.
1296 1718 1583 1785 prooem.
1629 1721 1694 1784 p.
1722 1698 1829 1763 24.

484 1892 568 1971 5)
617 1889 809 1969 Quae
836 1903 1240 1977 generantur
1273 1893 1493 1958 omm’a
1521 1901 1929 1978 generantur
1960 1914 1998 1955 e
2029 1889 2394 1956 substantia
2425 1889 2555 1956 eibi

353 1998 756 2080 cognomine,
801 1998 1012 2062 1070«
1049 1987 1267 2062 4-9.

486 2112 659 2179 Idem
705 2112 964 2180 uberius
1012 2115 1284 2201 explicat
1330 2116 1391 2179 Z
1421 2118 1480 2181 7.
1522 2117 1586 2180 9.
1675 2113 1818 2178 Nec
1863 2109 2072 2176 solum
2117 2115 2307 2178 nimia
2350 2113 2557 2179 brevi-

356 2226 484 2281 tate
530 2228 596 2282 et
638 2219 1022 2285 obscuritate
1067 2221 1171 2284 hic
1213 2219 1393 2284 locus
1431 2218 1509 2283 ab
1548 2216 1659 2282 illa
1698 2217 2126 2303 disputatione
2164 2217 2385 2283 differt
2424 2224 2556 2300 (et-

357 2323 521 2388 enim
558 2319 634 2387 τὸ
666 2325 1026 2407 γίγνεσθαι
1054 2320 1336 2403 ἑκάστην
1366 2320 1600 2388 οὐσίαν
1644 2327 1714 2386 ὲκ
1756 2315 2137 2406 συνωνύμου
2179 2343 2308 2388 uno
2353 2343 2558 2387 exem-

357 2424 471 2514 plo
515 2429 607 2490 rei
651 2428 955 2493 naturalis
1001 2428 1286 2507 illustrat,
1331 2428 1585 2492 solenni
1630 2423 1747 2491 illo
1792 2426 1912 2489 hac
1953 2428 2021 2490 in
2060 2448 2149 2506 re,
2194 2420 2559 2514 ἅνθρωπος

356 2524 486 2619 γὰρ
532 2524 901 2618 ἄνθρωπον
942 2535 1143 2618 γεννᾷ
1183 2533 1293 2611 «28,
1346 2532 1427 2598 cf.
1475 2530 1555 2597 ad
1602 2531 1666 2595 Z
1702 2532 1760 2596 7.
1802 2531 2010 2596 10:32⁴·
2035 2533 2139 2612 25,
2185 2553 2305 2598 nec
2348 2554 2556 2599 rerum

360 2634 772 2702 artificiakium
820 2622 1297 2726 generationem
1344 2634 1674 2722 explicat),
1719 2634 1835 2700 sed
1879 2639 2065 2701 etiam
2114 2659 2195 2702 eo
2238 2636 2414 2723 quod
2451 2659 2560 2726 ge·

361 2743 693 2805 nera'tione
748 2740 1011 2806 fortuita
1072 2763 1148 2805 ac
1207 2750 1563 2826 spontanea
1624 2738 1870 2804 facilius
1930 2738 2317 2830 defungitur.
2418 2742 2561 2807 Illic

362 2846 525 2908 enim
571 2847 832 2930 exponit
874 2849 939 2910 in
985 2845 1179 2911 rebus
1225 2845 1502 2910 fortuitis
1548 2865 1625 2908 ac
1677 2848 2049 2929 spontaneis
2092 2845 2358 2910 eandem
2401 2867 2561 2933 quo·

360 2946 700 3013 dammodo
749 2969 888 3013 esse
932 2947 1285 3038 generandi
1325 2951 1634 3013 rationem
1682 2958 1871 3034 atque
1915 2952 1981 3013 in
2017 2952 2097 3013 iis
2137 2972 2298 3036 quae
2335 2961 2561 3016 natura

363 3051 468 3116 vel
512 3062 647 3117 arte
691 3053 1147 3133 conficiuntur,
1205 3053 1562 3132 1032b,23,
1617 3053 1721 3116 hic
1770 3073 1927 3118 vero
1972 3056 2123 3119 satis
2166 3054 2384 3133 habet,
2441 3048 2563 3135 τὴν

360 3151 559 3242 τύχην
605 3168 670 3221 et
714 3156 788 3223 τὸ
833 3154 1217 3244 αὐτόματον
1260 3160 1651 3244 privationes
1698 3155 1912 3222 dicere
1963 3169 2227 3224 naturae
2287 3169 2352 3224 et
2397 3162 2562 3238 artis,

365 3273 436 3326 ut
477 3261 561 3327 de
605 3264 681 3327 iis
729 3261 1038 3327 disserere
1084 3262 1239 3327 nihil
1283 3282 1448 3348 opus
1493 3258 1807 3326 videatur.
1845 3298 1926 3313 -
1978 3264 2147 3327 Artis
2193 3273 2259 3328 et
2300 3274 2563 3329 naturae

367 3365 541 3451 quod
586 3366 645 3429 h.
678 3365 719 3431 l.
767 3370 983 3433 statuit
1028 3365 1379 3444 discrimen,
1422 3364 1592 3429 idem
1637 3365 1788 3430 alibi
1832 3369 2163 3452 potentiae
2200 3378 2267 3431 et
2298 3377 2563 3432 naturae

365 3471 600 3549 statuit,
648 3470 727 3534 cf.
767 3470 847 3535 ad
887 3471 945 3537 Θ
973 3471 1036 3535 8.
1080 3472 1282 3536 1049ῠ
1307 3472 1376 3543 8;
1424 3472 1713 3535 nimirum
1759 3470 2102 3535 cohaerent
2144 3473 2312 3535 inter
2355 3492 2425 3535 se
2471 3493 2564 3535 ar-

367 3575 446 3639 tis
484 3586 548 3639 et
581 3578 905 3659 potentiae
941 3577 1261 3653 notiones,
1303 3574 1382 3638 cf.
1414 3575 1482 3639 E
1508 3575 1565 3637 1.
1601 3575 1804 3639 10250
1827 3574 1934 3639 22.
1978 3576 2039 3639 2.
2072 3576 2281 3639 1027a
2306 3576 2367 3637 6.
2415 3574 2478 3638 Ζ
2501 3576 2564 3639 8.

370 3679 571 3745 1⁰:33⁶
613 3681 673 3744 8.
756 3678 934 3763 Quid
976 3682 1141 3743 inter
1186 3701 1257 3744 se
1303 3677 1605 3743 differant
1646 3674 1690 3757 ἡ
1735 3672 1894 3762 τύχη
1942 3689 2005 3743 et
2046 3673 2124 3744 τὸ
2170 3672 2566 3759 αὐτόματον,

368 3785 721 3868 expositum
769 3794 867 3847 est
912 3783 1102 3869 Phys.
1148 3783 1210 3847 11
1254 3784 1471 3860 4-6,
1518 3781 1691 3847 unde
1736 3780 2003 3870 colligas
2050 3781 2159 3846 Ar.
2205 3776 2327 3860 τὴν
2366 3776 2568 3866 τύχην

368 3888 583 3954 dicere
640 3886 921 3953 voluisse
978 3890 1400 3976 privationem
1459 3884 1773 3973 quandam
1826 3890 2006 3965 artis,
2059 3880 2137 3952 τὸ
2184 3880 2570 3969 αὐτόματον

366 3994 788 4080 privationem
833 4003 1127 4072 naturae,
1184 3992 1266 4059 cf.
1311 3993 1391 4059 ad
1433 3992 1506 4057 K
1543 3993 1606 4057 8.
1652 3993 1861 4057 1065a
1897 3992 2003 4056 30.
2051 4026 2132 4038 -
2176 3992 2270 4056 αὖ
2312 3982 2396 4055 τὰ
2438 3981 2569 4077 γὰρ

370 4091 564 4187 φύσει
610 4093 830 4163 οὐσίαι
871 4099 983 4162 καὶ
1032 4088 1263 4163 τᾶλλα.
1353 4099 1531 4162 Haec
1584 4093 1777 4160 verba
1834 4097 1886 4160 si
1940 4097 2403 4183 grammaticam
2462 4115 2572 4159 eo-

369 4223 509 4267 rum
553 4204 862 4266 rationem
901 4212 1257 4286 spectamus
1289 4223 1422 4268 non
1460 4211 1734 4288 possunt
1767 4198 1952 4265 aliter
1988 4199 2305 4287 explicari,
2346 4200 2471 4263 nisi
2502 4207 2573 4262 ut

371 4302 456 4370 τὰ
488 4301 682 4394 φύσει
721 4316 786 4369 et
823 4294 1034 4369 τᾶλλα
1068 4306 1352 4383 subiecti,
1397 4303 1616 4371 οὐσίαι
1653 4303 1997 4393 praedicati
2027 4305 2240 4370 locum
2268 4301 2571 4378 habeant;

372 4411 460 4473 ita
499 4412 969 4496 coniungentur
1010 4412 1317 4475 artissime
1360 4431 1500 4475 cum
1531 4409 1748 4476 verbis
1785 4404 2027 4487 ἑκάστη
2067 4404 2278 4484 οὐσία,
2322 4416 2389 4471 et
2434 4427 2571 4471 eam

374 4511 510 4578 fere
553 4511 880 4579 habebunt
928 4516 1332 4593 sententiam,
1389 4536 1574 4600 quam
1618 4512 1798 4579 Alex.
1844 4515 1910 4578 in
1955 4515 2171 4598 priore
2213 4511 2398 4577 huius
2442 4509 2571 4577 loci
