3109 5175
548 365 690 440 336
1348 367 1423 435 Ζ
1469 362 1582 436 10.
1668 363 1933 436 103512.

546 562 704 619 στα,
753 536 1058 605 καθόλου
1102 537 1187 617 δ’,
1241 543 1390 625 quia
1434 539 1883 625 praedicantur
1929 540 2009 604 de
2056 538 2246 604 rebus
2291 537 2557 626 singulis
2602 539 2750 617 (ἐπὶ

545 648 675 710 τῶν
715 667 793 723 κ.,
839 644 918 707 cf.
962 652 1349 730 κατηγορεῖν
1393 644 1500 707 ἐπί
1543 666 1720 719 τινος
1764 642 1907 708 Cat.
1955 646 2014 708 5.
2062 644 2142 706 2⁴1
2180 644 2287 707 29.
2347 644 2514 726 Top.
2557 642 2653 705 lv
2682 643 2748 705 2.

547 750 713 813 122ae
749 749 877 828 31)
920 767 1130 831 neque
1174 746 1253 809 ab
1302 748 1376 809 iis
1421 749 1705 837 seiuncta
1751 756 1926 824 sunt,
1981 746 2095 810 sed
2156 748 2449 810 universe
2500 743 2752 830 praedi-

546 863 767 916 cantur
802 850 882 914 de
917 850 1211 914 omnibus
1246 844 1591 927 (καθόλου
1624 846 1682 913 δ’
1707 854 1752 927 ),
1785 871 1920 914 non
1959 849 2041 914 de
2075 850 2203 913 hoc
2237 847 2345 912 vel
2378 847 2516 912 illo.
2575 848 2752 911 Haec

543 953 925 1021 universalia
971 974 1104 1017 non
1145 952 1378 1016 habere
1414 951 1804 1017 substantiae
1840 951 2229 1040 dignitatem,
2275 948 2392 1016 οὐκ
2426 953 2602 1016 ἔστιν
2637 946 2751 1015 οὐ·

545 1061 677 1138 σία,
723 1069 947 1144 postea
995 1055 1543 1133 demonstrabitur,
1592 1077 1728 1140 cap.
1763 1058 1863 1133 13,
1908 1057 2035 1120 hoc
2079 1055 2231 1119 loco
2276 1077 2347 1119 ea
2391 1055 2570 1140 quasi
2606 1074 2751 1117 coa-

544 1164 739 1228 luisse
784 1155 1102 1242 (σύνολόν
1145 1163 1245 1239 τι)
1298 1158 1451 1222 dicit
1493 1163 1564 1222 ἐκ
1609 1160 1792 1223 τουδὶ
1836 1160 1956 1224 τοῦ
1998 1155 2201 1243 λόγου
2241 1159 2355 1222 καὶ
2397 1158 2589 1236 τησδὶ
2631 1158 2752 1234 τῆς

545 1262 703 1346 ὕλης
748 1262 833 1338 ὡς
875 1257 1198 1352 καθόλου.
1268 1264 1519 1325 Etenim
1566 1265 1618 1324 si
1664 1266 1958 1327 universe
2001 1262 2082 1327 de
2121 1262 2378 1326 homine
2417 1243 2748 1346 loquimur,

544 1391 679 1434 non
738 1368 1107 1430 abstractam
1169 1374 1233 1428 et
1288 1362 1635 1449 simplicem
1693 1366 1935 1430 formae
1991 1370 2323 1430 notionem
2380 1367 2749 1452 cogitamus,

544 1470 662 1536 sed
716 1474 900 1535 etiam
959 1472 1310 1546 materiam,
1369 1489 1633 1553 quacum
1688 1472 1870 1534 notio
1918 1469 2263 1546 coalescat,
2325 1480 2390 1532 et
2435 1489 2568 1532 eam
2616 1470 2751 1553 qui-

545 1575 687 1639 dem
736 1585 800 1638 et
853 1576 1051 1658 ipsam
1099 1575 1424 1648 universe,
1481 1568 1568 1647 ὡς
1610 1568 1946 1650 καθόλου,
2002 1572 2435 1661 admiscemus
2524 1572 2747 1655 Itaque

545 1700 736 1765 quum
792 1678 948 1739 haec
1005 1675 1388 1746 universalia
1434 1696 1509 1739 ex
1556 1675 1777 1739 eadem
1822 1678 2069 1739 ratione
2116 1674 2459 1764 cogitanda
2503 1678 2629 1738 sint
2674 1695 2750 1738 ac

543 1804 645 1846 res
691 1779 1005 1867 singulae,
1061 1799 1195 1842 non
1255 1800 1417 1863 opus
1475 1789 1571 1842 est
1614 1778 1719 1857 (id
1767 1782 1961 1856 enim,
2018 1779 2171 1842 licet
2212 1797 2345 1842 non
2391 1789 2610 1863 aperte
2655 1777 2746 1842 di-

545 1896 661 1964 cat,
708 1888 990 1971 cogitare
1035 1892 1240 1946 tamen
1286 1883 1598 1960 videtur),
1642 1880 2005 1968 singillatim
2052 1879 2135 1945 de
2178 1885 2255 1945 iis
2303 1881 2633 1946 disserere.
2662 1918 2742 1931 —

541 1988 796 2054 Deinde
827 1989 924 2051 his
954 1985 1193 2050 verbis:
1233 1986 1427 2066 τησδὶ
1460 1988 1578 2064 τῆς
1610 1979 1769 2062 ὕλης
1804 1982 1889 2060 ὡς
1923 1980 2303 2049 καθόλου
2339 1988 2639 2070 opponit:
2678 1989 2749 2049 ἐκ

543 2091 661 2171 τῆς
705 2085 1054 2174 ἐσχάτης
1096 2084 1284 2168 ὕλης,
1339 2091 1401 2154 h.
1440 2111 1494 2153 e.
1545 2092 1747 2152 carnis
1796 2099 1859 2152 et
1906 2090 2141 2153 ossium
2186 2088 2613 2176 singulorum,
2672 2109 2747 2152 ex

543 2192 779 2280 quibus
823 2194 926 2257 hic
967 2191 1073 2255 vel
1117 2192 1226 2256 ille
1270 2194 1465 2258 homo
1513 2194 1821 2256 consistit.
1912 2193 2132 2257 Utitur
2174 2196 2342 2257 enim
2389 2191 2509 2255 adi.
2555 2192 2747 2276 ἔσχα-

542 2321 657 2371 τος
706 2298 810 2360 Ar.
854 2299 942 2359 ita
988 2306 1059 2360 ut
1100 2295 1268 2360 idem
1316 2296 1450 2361 fere
1494 2295 1813 2383 significet
1857 2316 1933 2358 ac
1976 2290 2052 2360 τὸ
2096 2291 2263 2359 καθ’
2303 2301 2609 2372 ἕκαστον,
2662 2294 2743 2358 cf.

541 2400 613 2486 K
644 2403 703 2465 1.
737 2401 940 2464 10:39⁶
964 2400 1067 2476 26,
1097 2400 1202 2464 35.
1250 2400 1478 2463 Waitz
1507 2400 1668 2486 Org.
1701 2401 1817 2464 251·
1840 2401 1946 2463 33.

677 2505 878 2568 10:35⁶
916 2504 999 2566 15
1046 2502 1307 2566 τοῦτο.
1388 2504 1492 2567 De
1536 2525 1775 2592 genere
1820 2513 2049 2567 neutro
2095 2504 2509 2588 pronominis,
2553 2524 2743 2588 quum

543 2606 627 2671 ad
682 2603 862 2695 ψυχή
919 2606 1143 2670 referri
1199 2611 1481 2691 potuerit
1536 2604 1729 2685 αὕτη,
1790 2600 1867 2671 cf.
1926 2628 2089 2692 quae
2148 2606 2430 2692 exempla
2481 2606 2745 2693 collegit

540 2712 770 2774 Waitz
801 2711 964 2797 Org.
1000 2713 1071 2774 4ὁ
1097 2712 1172 2779 4.,
1206 2746 1286 2761 -
1331 2712 1462 2775 ⁶18
1507 2706 1708 2774 ὥστε
1752 2711 2070 2796 apodosin
2116 2710 2380 2775 orditur.
2458 2711 2537 2774 cf.
2580 2710 2740 2775 obs.

542 2836 604 2898 p.
636 2815 739 2891 24,
783 2816 888 2879 32.
979 2813 1296 2900 Exemplis
1354 2814 1447 2878 ibi
1503 2813 1787 2878 collectis
1846 2814 2001 2878 addi
2041 2825 2317 2900 possunt
2359 2814 2439 2878 de
2484 2819 2743 2899 interpr.

545 2919 648 2981 12.
695 2918 811 2981 21⁶
849 2919 952 2982 10.
1019 2918 1137 2981 An.
1181 2929 1346 3004 post.
1391 2918 1422 2981 1
1466 2919 1574 2983 24.
1618 2920 1736 2982 857)
1774 2920 1880 2982 26.
1943 2921 2048 2983 25.
2092 2919 2212 2982 860
2249 2920 2350 2982 36.
2624 2972 2631 2979 .

675 3022 877 3085 103512
901 3023 984 3085 31
1016 3023 1261 3106 μέρος
1291 3060 1378 3071 --
1412 3023 1622 3085 10360
1650 3022 1732 3084 12
1766 3019 2105 3106 εἴρηται.
2169 3022 2549 3086 Persecutus
2578 3041 2742 3105 quae

540 3124 676 3209 sint!
709 3134 924 3206 partes
969 3134 1109 3188 toto
1155 3128 1405 3210 priores
1453 3145 1615 3209 quae
1660 3144 1823 3202 non,
1881 3123 1961 3188 ad
2020 3126 2299 3209 priorem
2351 3123 2517 3189 redit
2556 3146 2745 3209 quae-

540 3228 842 3289 stionem:
900 3249 1060 3311 quae
1119 3250 1327 3292 rerum
1385 3237 1598 3312 partes
1658 3227 2094 3292 adsciscantur
2135 3227 2219 3291 ad
2263 3228 2741 3295 describefflam

538 3331 896 3406 notionem,
956 3352 1117 3415 quae
1161 3352 1296 3395 non
1343 3330 1779 3397 adhibeantur.
1870 3333 2027 3395 Pars
2072 3334 2293 3417 igitur,
2347 3335 2459 3409 ait,
2507 3342 2577 3396 et
2614 3332 2743 3395 for-

538 3453 679 3495 mae
724 3453 865 3496 esse
910 3432 1137 3498 dicitur
1182 3446 1246 3498 et
1289 3437 1381 3497 rei
1423 3448 1761 3499 concretae
1802 3456 1878 3499 ex
1915 3435 2118 3499 forma
2158 3446 2223 3500 et
2258 3439 2515 3501 materia
2555 3438 2740 3515 (nam

539 3534 900 3600 addendum
961 3547 1056 3601 est
1110 3540 1225 3601 καὶ
1277 3539 1394 3616 τῆς
1450 3535 1609 3618 ὕλης
1667 3547 1815 3624 post
1870 3542 1941 3601 ὲκ
1997 3541 2114 3605 τοῦ
2159 3538 2394 3617 εἴδους,
2451 3540 2529 3603 cf.
2576 3538 2739 3605 obs.

539 3662 601 3723 p.
634 3640 756 3718 92)
805 3651 870 3703 et
907 3642 1104 3723 ipsius
1143 3662 1260 3726 per
1298 3663 1368 3705 se
1406 3646 1723 3706 materiae.
1798 3639 1930 3706 Sed
1966 3641 2046 3706 ad
2082 3646 2433 3722 notionem,
2477 3653 2549 3707 ut
2576 3664 2741 3728 quase

537 3741 802 3805 formam
849 3742 1164 3809 describat
1210 3758 1274 3810 et
1315 3757 1580 3831 propter
1625 3746 1688 3810 id
1734 3749 1967 3830 ipsum,
2026 3750 2260 3832 quippe
2318 3747 2630 3811 abstracta
2677 3756 2742 3811 et

538 3846 826 3910 immunis
872 3868 907 3909 a
953 3868 1161 3911 rerum
1207 3849 1595 3935 singularum
1643 3849 2126 3928 diversitatibus,
2171 3850 2591 3916 universalem
2634 3851 2742 3914 ba·

535 3946 685 4010 beat
715 3950 836 4012 vim
867 3971 944 4011 ac
972 3949 1357 4038 dignitatem,
1381 3953 1505 4016 ⁶34
1535 3952 1645 4031 (cf.
1670 3952 1738 4015 Κ
1763 3954 1820 4016 l.
1850 3955 2053 4019 10591>
2073 3956 2183 4018 26.
2210 3958 2286 4020 Λ
2310 3958 2371 4020 5.
2399 3957 2607 4021 10710
2629 3956 2735 4020 29.

537 4049 657 4113 An.
689 4061 855 4134 post.
891 4051 951 4115 Π
990 4055 1092 4119 13.
1130 4058 1248 4119 97ῡ
1278 4057 1385 4120 26.
1433 4065 1497 4119 et
1541 4055 1623 4119 de
1667 4058 1931 4120 scientia
1975 4057 2417 4123 universalium
2455 4059 2536 4123 ad
2576 4058 2643 4123 B
2674 4061 2735 4123 6.

537 4155 748 4218 10036
777 4156 925 4232 14),
971 4178 1086 4221 eae
1128 4168 1368 4224 tantum
1416 4157 1795 4223 adhibentur
1837 4171 2075 4246 partes,
2123 4182 2283 4245 quae
2328 4173 2479 4227 sunt
2520 4174 2738 4249 partes

535 4257 797 4322 formae.
888 4257 1253 4325 Concretae
1296 4282 1454 4326 vero
1499 4264 1626 4340 rei,
1672 4280 1834 4347 quae
1878 4264 2099 4329 eadem
2144 4287 2273 4330 una
2321 4275 2419 4331 est
2463 4288 2536 4329 ac
2581 4265 2739 4330 defi-

534 4364 664 4425 nita
702 4383 968 4426 numero
1007 4363 1166 4441 (τοῦ
1209 4361 1593 4443 συνόλου,
1638 4362 1787 4431 οἷον
1827 4364 2064 4433 κύκλου
2106 4371 2340 4435 τουδί
2387 4372 2596 4434 1036·
2635 4371 2737 4449 2),

534 4486 723 4550 quum
771 4475 997 4529 contra
1041 4466 1241 4531 forma
1286 4468 1500 4533 rei-ad
1540 4469 1897 4535 universale
1937 4482 2200 4557 spectet,
2243 4483 2582 4538 concretae
2614 4474 2737 4561 igi-
