3109 5175
1160 381 1231 451 Γ
1272 380 1340 453 3.
1424 377 1692 454 100512.
2390 379 2527 456 185

321 555 680 644 templetur.
751 556 838 621 At
881 554 1195 622 eiusmodi
1240 557 1528 645 cognitio
1574 577 1710 623 non
1754 567 1853 623 est
1895 558 2217 645 physicae,
2260 556 2373 624 sed
2405 560 2532 645 pri-

321 682 468 726 mae
557 658 979 746 hilosophiae.

461 766 499 829 1
697 765 743 829 2
787 759 941 830 ὅσα
986 760 1046 829 δ’
1085 764 1552 851 ἐγχειροῦσι
1600 801 1680 816 -
1729 766 1770 831 5
1816 765 2108 845 ζητεῖν.
2198 765 2334 830 Suo
2380 761 2529 830 loco

324 877 564 934 motam
621 889 764 934 esse
820 868 986 934 hanc
1039 871 1551 934 enunciationem
1608 879 1674 934 et
1716 867 2080 956 ponendam
2123 872 2341 956 potius
2383 876 2535 955 post

323 974 410 1038 ⁸5
471 966 576 1037 ὅτι
628 972 752 1056 μὲν
809 961 929 1037 οὖν
971 1011 1060 1023 —-
1103 974 1148 1037 8
1193 973 1399 1052 δῆλον
1442 970 1806 1037 Alexander
1856 971 2097 1038 iudicat
2148 994 2212 1059 p.
2252 973 2402 1050 223,
2448 975 2529 1038 17

328 1077 553 1157 (cuius
609 1078 989 1140 sententiam
1043 1073 1280 1163 probat
1334 1076 1544 1141 Schw.
1603 1074 1685 1141 ad
1739 1077 1801 1141 h.
1854 1075 1967 1157 l.)‚
2024 1079 2319 1163 speciose
2372 1074 2532 1141 illud

329 1178 616 1267 quidem,
660 1177 780 1244 sed
823 1178 1052 1245 dubito
1097 1202 1247 1245 num
1292 1179 1398 1245 vel
1441 1201 1596 1245 vere
1638 1177 1745 1243 vel
1788 1184 2170 1246 necessario.
2258 1181 2538 1245 Possunt

332 1285 499 1350 enim
545 1303 700 1348 sane
742 1284 902 1349 haec
941 1282 1138 1350 verba
1179 1287 1267 1349 ita
1317 1283 1614 1371 explicari
1658 1283 1778 1365 (cf.
1828 1283 2005 1350 Alex.
2048 1283 2091 1350 l.
2136 1283 2238 1365 l.),
2283 1293 2354 1349 ut
2395 1306 2536 1349 cum

328 1398 638 1474 sequente
681 1390 967 1475 proxime
1013 1392 1566 1477 argumentatione
1608 1383 1925 1474 προσήκει
1967 1387 2037 1454 δὲ
2080 1389 2214 1454 κτλ.
2253 1398 2387 1453 arte
2430 1409 2537 1454 co-

329 1492 596 1557 haerere
653 1492 776 1574 (cf.
827 1496 1011 1558 etiam
1068 1496 1137 1558 in
1191 1496 1345 1581 ipsis
1394 1493 1612 1559 verbis
1668 1488 1896 1573 ἥκειν
1938 1495 2535 1579 προεπισταμένους

329 1598 444 1675 ⁵5,
490 1598 706 1681 ἔχειν
748 1597 958 1681 λέγειν
993 1599 1105 1677 ὃὸ,
1157 1592 1384 1677 ἥκειν
1426 1599 1723 1684 ἔχοντα
1758 1598 1962 1678 ῠ17),
2019 1619 2054 1660 a
2100 1596 2535 1682 superioribus

333 1709 542 1765 autem
599 1702 886 1766 seiuncta
943 1721 1083 1766 esse
1129 1701 1485 1768 videantur.
1578 1700 1711 1767 Sed
1754 1704 1808 1767 si
1853 1704 1991 1788 quis
2038 1699 2402 1788 diligentius
2446 1711 2539 1765 at·

331 1802 626 1884 tenderit,
671 1802 990 1870 dubitabit
1026 1805 1352 1894 vulgatum
1387 1804 1731 1872 verborum
1760 1803 2051 1870 ordinem
2078 1815 2347 1869 tentare.
2413 1807 2540 1870 Re-

330 1907 626 1974 vocanda
670 1918 821 1974 sunt
865 1930 904 1973 e
947 1909 1384 1996 superioribus
1430 1913 1496 1975 in
1542 1912 1908 1974 memoriam
1952 1907 2149 1973 verba
2191 1910 2355 1973 ⁶29:
2401 1904 2540 1973 ded·

332 2034 456 2099 περ
514 2009 747 2089 οὐθεὶς
798 2014 932 2078 τῶν
987 2007 1162 2078 κατὰ
1210 2016 1410 2101 μέρος
1453 2008 1981 2079 ἐπισκοπούντων
2024 2017 2293 2097 ἐγχειρεῖ
2333 2011 2542 2095 λέγειν

331 2138 401 2180 τι
441 2117 591 2203 περὶ
631 2113 864 2195 αὐτῶν,
910 2122 966 2182 εὶ
1009 2113 1246 2198 ἀληθῆ
1288 2111 1334 2198 ἢ
1375 2112 1499 2203 μή,
1545 2139 1687 2182 cum
1730 2117 1826 2181 his
1874 2118 2040 2180 enim
2086 2113 2541 2202 coniungenda

335 2229 486 2284 sunt
528 2219 880 2308 cogitando
925 2215 1056 2288 ὅσα
1099 2216 1160 2286 δ’
1198 2224 1557 2308 ἐγχειροῦσι
1600 2221 1767 2299 κτλ.,
1818 2240 1981 2307 quae
2022 2217 2219 2284 verba
2263 2219 2433 2284 hunc
2472 2222 2542 2285 in

333 2321 596 2389 modum
655 2324 930 2390 arbitror
983 2323 1440 2391 construenda:
1499 2320 1633 2392 ὅσα
1691 2325 1762 2390 δέ
1816 2347 1985 2401 τινες
2039 2325 2172 2388 τῶν
2217 2318 2541 2407 λεγόντων

336 2429 493 2509 (int.
535 2429 684 2514 περὶ
728 2430 860 2494 τῶν
904 2424 1332 2513 ἀξιωμάτων)
1377 2430 1739 2517 ἐγχειροῦσι
1785 2430 1994 2512 λέγειν
2031 2429 2181 2514 περὶ
2221 2428 2338 2506 τῆς
2376 2423 2541 2507 ἀλη-

334 2532 555 2610 θείας,
598 2527 678 2597 ὅν
720 2529 969 2620 τρόπον
1014 2534 1114 2600 δεῖ
1156 2531 1616 2620 ἀποδέχεσθαι
1653 2528 1877 2614 αὐτήν,
1924 2532 1984 2597 h.
2017 2553 2074 2598 e.
2119 2529 2292 2619 quod
2333 2542 2541 2597 autem

339 2636 594 2724 quidam
638 2658 714 2702 ex
755 2640 833 2702 iis
877 2639 1178 2725 physicis,
1224 2642 1333 2725 qui
1378 2641 1756 2704 axiomatnm
1800 2641 2186 2704 mentionem
2228 2647 2541 2723 tamquam

335 2744 755 2807 necessariam
802 2764 955 2807 suae
1000 2741 1470 2809 admiscuerunt
1511 2745 1847 2823 scientiae,
1891 2740 2207 2807 disserere
2251 2762 2544 2827 suscepe-

336 2855 515 2924 runt,
574 2868 695 2932 qua
749 2849 1001 2911 ratione
1058 2849 1261 2933 accipi
1306 2857 1641 2935 oporteret
1680 2850 2041 2926 veritatem,
2098 2868 2168 2911 se
2211 2866 2346 2911 non
2391 2848 2542 2910 satis

341 2949 629 3015 eruditos
690 2961 756 3015 et
809 2961 1225 3038 praeparatos
1280 2972 1422 3015 esse
1468 2951 1753 3016 doctrina
1801 2948 2116 3035 analytica
2160 2952 2283 3035 ipsi
2329 2947 2545 3036 prodi-

341 3053 600 3131 derunt;
653 3054 800 3120 talia
848 3057 1012 3120 enim
1060 3053 1437 3134 diiudicare,
1486 3054 1685 3120 veluti
1730 3075 1892 3142 quae
1940 3053 2544 3118 demonstrationem

339 3161 679 3245 requirant,
727 3179 886 3244 quae
930 3178 1065 3224 non
1111 3159 1192 3225 cf.
1240 3158 1322 3224 ad
1365 3159 1434 3224 B
1463 3161 1525 3224 2.
1569 3162 1737 3225 997a
1764 3162 1823 3239 7,
1870 3158 2005 3222 alia‘
2034 3157 2102 3222 id
2146 3178 2371 3246 genus,
2409 3179 2544 3223 non

338 3264 645 3351 physicae
690 3272 789 3328 est
830 3265 1131 3328 scientiae
1176 3262 1289 3328 scd
1338 3263 1714 3348 analyticae,
1767 3285 1929 3349 quae
1974 3261 2143 3326 illam
2187 3283 2546 3348 praecesse-

341 3371 429 3432 rit
466 3377 743 3454 oportet.
809 3367 904 3432 Ita
950 3380 1096 3455 apte
1140 3377 1293 3455 post
1336 3368 1495 3432 haec
1525 3365 1724 3431 verba
1759 3364 2009 3432 demum
2042 3364 2364 3431 videbitur
2398 3386 2549 3430 con-

344 3471 604 3538 cludere
639 3465 745 3537 ὅτι
775 3473 897 3555 μὲν
934 3463 1056 3538 οὖν
1082 3506 1168 3520 -
1199 3471 1422 3550 δῆλον.
1453 3510 1542 3520 -
1582 3471 1668 3534 ῠ3
1703 3466 1800 3533 δι’
1839 3467 2421 3548 ἀπαιδευσίαν,
2467 3467 2547 3534 cf.

344 3600 390 3640 α
431 3577 495 3640 3.
537 3578 706 3642 995σ
747 3577 1051 3641 12-14.
1114 3576 1257 3640 Eth.
1304 3576 1447 3640 Nic.
1492 3575 1522 3638 1
1569 3577 1628 3639 l.
1679 3575 1881 3639 109411
1917 3575 2024 3638 23.

481 3679 752 3745 1005⁶8
788 3674 1186 3765 προσήκει
1217 3716 1298 3730 -
1330 3680 1419 3745 32
1458 3673 1772 3744 τούτου.
1835 3675 1935 3740 Ad
1968 3677 2341 3762 principium
2375 3673 2548 3761 quod

345 3782 569 3849 dicunt
612 3782 1130 3849 contradictionis
1189 3794 1501 3869 tamquam
1548 3803 1853 3847 summum
1900 3777 2335 3868 cognoscendi
2379 3781 2552 3864 prin-

346 3890 579 3974 cipium
628 3898 693 3952 et
734 3885 1230 3974 proponendum
1277 3897 1342 3952 et
1385 3885 1822 3952 excutiendum
1868 3886 2030 3948 viam
2071 3886 2159 3947 ita
2198 3882 2319 3948 sibi
2355 3894 2552 3970 parat,
2642 3908 2651 3917 ·

347 4001 420 4056 nt
462 3990 910 4079 philosophiae
954 3994 1198 4077 primae
1246 4012 1386 4056 esse
1431 3990 1601 4055 dicat
1642 3990 1995 4055 firmissima
2040 4009 2285 4075 ponere
2323 3991 2552 4075 princi·

345 4098 484 4183 pia,
553 4093 789 4161 deinde
859 4094 1067 4181 qualia
1130 4117 1204 4159 ea
1262 4093 1543 4159 debeant
1596 4116 1737 4160 esse
1784 4104 2083 4181 exponat,
2155 4103 2341 4178 atque
2396 4094 2555 4157 haec

351 4222 512 4286 quae
565 4202 975 4287 requiruntur
1032 4198 1263 4263 cadere
1317 4202 1383 4264 in
1441 4202 1820 4286 principium
1881 4196 2400 4263 contradictionis
2445 4197 2554 4262 de-

349 4314 677 4369 monstret.
752 4304 1000 4369 Primae
1044 4301 1494 4390 philosophiae
1537 4306 1913 4390 principium
1960 4310 2221 4388 oportet
2264 4311 2328 4365 et
2370 4303 2554 4387 aptis·

348 4408 571 4472 simum
629 4410 714 4472 sit
768 4407 850 4472 ad
908 4405 1428 4496 cognoscendum
1482 4403 2033 4493 (γνωριμωτάτην
2069 4407 2240 4487 ὀ13)
2297 4425 2418 4469 nec
2469 4403 2550 4469 ah

350 4510 698 4597 hypothesi
743 4511 1040 4600 pendeat.
1133 4511 1300 4577 Illud
1344 4532 1464 4599 per
1507 4534 1577 4578 se
1622 4522 1828 4599 patet,
1874 4514 2019 4596 quia
2064 4511 2346 4588 scientia,
2392 4530 2553 4595 quae
