3109 5175
614 362 760 438 498
1444 367 1524 436 Λ
1578 362 1646 435 7.
1730 359 1996 450 107211.
2074 346 2087 359 ⁸

610 543 674 605 iu
715 531 876 626 part.
910 529 1310 624 κινούμειὲον,
1356 541 1498 626 quia
1545 539 1673 603 hoc
1719 559 1853 603 non
1897 540 2184 605 continet
2228 538 2499 603 subiecti
2541 517 2843 625 superioss

609 647 695 707 ris
743 644 1092 722 enunciati‚
1138 642 1315 728 quod
1361 651 1458 707 est
1500 635 1578 707 τὸ
1624 644 1849 707 κινοῦν
1893 638 2230 722 ἀκίνητον,
2278 642 2667 720 attributum,
2713 641 2841 708 sed

614 767 851 811 novum
896 745 1218 835 siguificat
1259 745 1633 811 subiectum.
1705 744 1879 809 Alex.
1912 768 1973 831 p.
1998 749 2151 824 670,
2183 750 2265 812 ll
2308 756 2481 811 recte
2521 748 2842 832 interpre-

615 859 810 915 tatur:
863 845 1246 932 κινούμενος
1303 851 1374 914 δὲ
1427 847 1538 914 ὑπ’
1578 846 1783 914 αὐτοῦ
1838 851 2172 936 προσεχῶς
2217 847 2254 913 ὁ
2303 844 2587 935 οὐρανὸς
2630 842 2842 925 αὐτὸς

614 946 700 1019 τὰ
745 948 919 1018 ἄλλα
963 963 1142 1031 κινεῖ,
1186 952 1300 1018 sed
1345 951 1498 1038 quid
1543 956 1607 1018 in
1653 962 1826 1017 textu
1872 951 2168 1017 habuerit
2212 952 2474 1018 dubium
2521 959 2678 1031 est.)

743 1057 874 1121 lam
921 1077 1080 1121 vero
1128 1055 1435 1142 quidquid
1480 1067 1806 1132 movetur,
1849 1054 1945 1134 id,
1991 1067 2301 1143 quatenus
2346 1066 2670 1134 movetur,
2713 1076 2838 1141 po-

615 1162 877 1226 tentiam
923 1158 1119 1223 habet
1164 1158 1349 1224 aliter
1392 1181 1534 1224 sese
1581 1157 1893 1236 habendi,
1943 1158 2140 1224 veluti
2185 1157 2524 1224 mutandae
2569 1160 2835 1246 qualita-

616 1267 697 1328 tis
741 1262 847 1328 vel
895 1265 1261 1348 quantitatis
1304 1262 1410 1327 vel
1455 1261 1581 1327 loci
1631 1262 1826 1326 modo
1866 1261 2149 1327 mutandi
2192 1265 2559 1349 potentiam,
2595 1265 2701 1342 b4,
2748 1262 2833 1327 cf.

617 1367 698 1431 ad
730 1369 813 1430 H
847 1369 904 1429 l.
938 1367 1280 1430 10422134.
1361 1366 1490 1431 Iam
1535 1369 1588 1430 si
1636 1377 1843 1430 motus
1891 1363 2113 1429 localis
2158 1368 2342 1451 primi
2387 1364 2552 1430 coeli
2592 1369 2833 1452 primus

617 1481 716 1534 est
758 1453 949 1546 ae'tus,
995 1472 1264 1554 primum
1310 1469 1579 1547 coelum,
1624 1480 1932 1556 quatenus
1976 1479 2285 1546 movetur,
2341 1467 2607 1533 localem
2657 1480 2833 1535 certe

616 1572 813 1638 babet
856 1574 1229 1658 potentiam,
1274 1595 1647 1659 quamquam
1690 1574 2041 1637 substantia
2085 1576 2219 1637 eius
2258 1593 2293 1636 a
2331 1576 2664 1658 potentiae
2705 1595 2833 1637 am-

617 1676 928 1765 biguitate
956 1677 1248 1742 immunis
1280 1688 1393 1741 est.
1461 1679 1583 1756 (¹²5
1623 1671 1776 1742 ὥστ’
1809 1682 1864 1741 εὶ
1903 1671 2087 1767 φορὰ
2124 1677 2258 1741 κτλ.
2330 1664 2468 1742 Cur
2498 1697 2620 1761 pro
2649 1675 2828 1764 vulg.

616 1779 761 1844 lect.
823 1800 964 1843 eum
1023 1783 1398 1845 restituet-im
1457 1791 1723 1858 textum,
1782 1802 1967 1865 quem
2018 1779 2194 1844 Alex.
2252 1778 2502 1857 habuit,
2561 1783 2828 1865 exposui

617 1882 780 1949 obs.
829 1906 893 1970 p.
930 1883 1075 1949 105.
1167 1883 1266 1949 Ad
1311 1907 1413 1947 vv.
1458 1893 1731 1948 κινεῖται
1777 1884 2210 1969 ει,ἐνδέχεται
2252 1882 2675 1969 supplendum
2731 1895 2828 1948 est

617 2009 655 2050 e
699 2007 871 2051 nom.
918 1981 1100 2076 φορά
1156 1985 1510 2052 subiectum
1571 1981 1646 2052 τὸ
1706 1982 2075 2074 φερόμενον
2125 1990 2260 2051 sive
2304 1982 2381 2051 τὸ
2426 1984 2825 2071 κινούμενον,

617 2093 658 2155 i.
697 2111 751 2155 e.
806 2088 843 2156 ὁ
904 2092 1160 2175 πρῶτος
1218 2085 1562 2175 οὐρανός.)
1653 2092 1738 2156 At
1793 2112 2094 2155 summum
2153 2093 2530 2177 principium
2590 2090 2826 2156 nullam

497 2261 502 2266 ,
618 2196 881 2258 omnino
927 2191 1126 2256 habet
1169 2197 1539 2279 potentiam,
1586 2194 1700 2259 sed
1747 2197 1882 2279 ipse
1929 2204 2024 2257 est
2069 2205 2263 2258 actuS.
2342 2195 2506 2259 Nam
2545 2198 2597 2258 si
2641 2214 2823 2281 quam

617 2300 938 2383 reciperet
980 2299 1355 2380 potentiam,
1383 2347 1388 2354 .
1418 2317 1552 2360 eam
1599 2301 1889 2361 nimirum
1934 2300 2275 2383 reciperet,
2332 2321 2492 2384 quae
2537 2297 2825 2362 substau-

617 2403 767 2464 tiam
809 2399 1066 2463 minime
1106 2402 1316 2486 tangit
1357 2398 1477 2478 (cf.
1503 2402 1593 2466 H
1624 2403 1683 2465 1.
1719 2403 1921 2466 104211
1946 2404 2028 2481 5)
2075 2410 2140 2466 et
2183 2402 2263 2466 ad
2310 2407 2576 2489 primum
2614 2412 2824 2466 motus

616 2523 840 2593 genuS,
884 2505 924 2565 i.
956 2522 1012 2566 e.
1056 2512 1295 2566 motum
1335 2500 1603 2567 localem
1649 2514 1713 2568 et
1749 2504 2165 2570 orbicularem
2211 2507 2327 2584 (εἰ.
2361 2510 2421 2572 6.
2458 2507 2659 2571 10711»
2687 2507 2824 2582 11),

616 2609 920 2694 pertinet3
964 2605 1138 2671 hune
1180 2619 1387 2671 autem
1426 2618 1665 2673 motum
1702 2630 1836 2674 non
1876 2610 2070 2674 habet
2106 2632 2410 2675 summum
2447 2613 2821 2696 principium

615 2732 898 2788 moven8,
942 2709 1058 2774 sed
1105 2709 1318 2774 efficit.
1410 2711 1508 2775 lta
1556 2725 1861 2785 exemtum
1910 2713 1988 2777 ab
2037 2716 2207 2778 omni
2255 2717 2586 2799 potentiae
2633 2711 2824 2777 ambi-

615 2819 856 2903 guitate
894 2835 1197 2878 summum
1229 2818 1609 2901 principium
1639 2838 1903 2882 movens
1935 2821 2295 2882 necessario
2329 2817 2456 2882 tale
2488 2828 2600 2897 est,
2635 2817 2820 2902 quale

619 2928 744 2995 est,
803 2939 966 3004 quae
1024 2916 1276 3004 quidem
1328 2923 1674 2984 necessitas
1720 2941 1854 2985 non
1904 2924 1962 2984 ei
2008 2931 2105 2984 est
2151 2924 2540 2985 extrinsecus
2587 2942 2663 2984 ae
2705 2943 2822 3007 per

616 3025 739 3086 vim
788 3021 978 3099 illata,
1021 3020 1137 3086 sed
1184 3043 1324 3086 cum
1368 3025 1509 3107 ipsa
1556 3025 1692 3088 eius
1727 3034 1989 3090 naturae
2023 3023 2333 3112 dignitate
2380 3028 2719 3089 coniuncta
2756 3034 2820 3088 et

615 3123 925 3200 absoluta,
966 3125 1314 3202 blo—13,
1360 3125 1439 3190 cf.
1486 3124 1568 3190 ad
1614 3129 1668 3191 Δ
1702 3128 1763 3191 5.

747 3227 1066 3290 Summum
1112 3229 1305 3314 igitur
1350 3231 1724 3314 principium
1765 3240 1859 3294 est
1898 3229 2241 3295 substantia
2285 3242 2561 3309 aeterna,
2604 3234 2820 3295 immo-

616 3328 782 3407 bilis,
828 3339 1003 3394 actus
1039 3332 1193 3415 ipse,
1239 3336 1611 3410 necessaria,
1657 3331 2016 3421 cogitabilis
2056 3333 2400 3420 eademque
2444 3332 2820 3420 appetibilia,

616 3455 818 3521 eaque
863 3443 1131 3519 propter
1175 3433 1238 3498 id
1278 3437 1500 3521 ipsum,
1546 3440 1692 3522 quia
1732 3446 1830 3501 est
1868 3437 2246 3523 appetibilis,
2292 3451 2532 3503 motum
2573 3437 2787 3502 efficit.

746 3538 950 3603 Omisi
1010 3539 1072 3600 in
1131 3541 1688 3624 interpretatione,
1747 3561 1875 3626 quo
1937 3540 2164 3605 clarius
2223 3552 2527 3626 appareat
2568 3543 2819 3605 ratioci-

611 3638 805 3704 nandi
853 3650 1204 3720 contextus,
1250 3640 1413 3708 duos
1455 3643 1638 3709 locos
1676 3646 1813 3710 1132
1857 3644 1991 3708 ἔστι
2036 3644 2106 3709 δὲ
2155 3683 2237 3694 -
2282 3645 2370 3710 34
2416 3642 2586 3710 αὐτό
2627 3655 2691 3709 et
2733 3646 2812 3708 bl

615 3738 720 3808 ὅτι
763 3739 822 3806 δ’
863 3743 998 3807 ἔστι
1046 3780 1125 3795 -
1173 3746 1216 3811 3
1264 3743 1380 3811 οὐκ
1423 3749 1578 3813 ἔστι.
1654 3748 1739 3811 Et
1781 3747 1905 3812 illis
1952 3747 2206 3833 quidem
2241 3749 2455 3814 verbis
2496 3751 2814 3826 unitatem,

612 3867 776 3931 quae
811 3854 909 3910 est
943 3851 1186 3912 numeri
1223 3852 1618 3936 principium,
1666 3852 1773 3915 Ar.
1803 3851 2135 3939 distinguit
2165 3872 2202 3916 a
2232 3851 2657 3938 simplicitate,
2692 3874 2811 3938 qua

611 3952 702 4012 rei
746 3949 1009 4014 alicuius
1054 3962 1309 4031 natura,
1362 3955 1500 4029 πῶς
1541 3955 1693 4038 ἔχον
1738 3950 1930 4031 αὐτό,
1989 3965 2054 4020 et
2114 3976 2186 4020 ea
2241 3954 2493 4041 quidem
2539 3958 2815 4021 immate-

610 4050 812 4128 rialis,
857 4052 1269 4139 significatur.
1359 4055 1728 4121 Notandum
1776 4068 1901 4135 est,
1954 4057 2125 4143 quod
2173 4081 2362 4143 quum
2411 4058 2635 4124 definit
2680 4062 2816 4123 uni-

607 4158 754 4220 tatis
799 4158 1161 4236 notionem,
1217 4157 1447 4223 librum
1493 4162 1563 4237 Ι,
1623 4180 1750 4244 quo
1811 4160 2290 4249 dilig-entissime
2349 4160 2431 4226 de
2478 4160 2696 4228 eadem
2742 4182 2813 4228 re

611 4256 1025 4344 disceptatum
1074 4272 1199 4340 est,
1258 4283 1342 4325 ne
1395 4261 1714 4327 levissimo
1760 4263 2013 4348 quidem
2060 4264 2305 4331 indicio
2344 4269 2632 4351 respicit3
2690 4288 2813 4330 nec

608 4361 826 4446 paullo
873 4364 1052 4439 iufra,
1094 4367 1239 4441 ⁶11,
1286 4363 1396 4429 ubi
1437 4369 1828 4432 necessitatis
1877 4364 2007 4432 duo
2052 4390 2289 4456 genera
2337 4368 2685 4458 distinguit,
2730 4368 2810 4433 ad

611 4463 836 4530 librum
883 4469 937 4531 A
978 4465 1254 4533 lectores
1298 4467 1575 4558 ablegat,
1620 4470 1698 4536 cf.
1746 4492 2031 4557 prooem.
2077 4496 2140 4558 p.
2173 4475 2277 4538 25.
2369 4471 2670 4539 Ceterum
2718 4471 2811 4537 di-
