3109 5175
397 3402 418 3445 Ι

591 350 745 428 520
1393 354 1475 426 Λ
1529 348 1645 425 10.
1725 349 1994 424 1075α.

601 525 806 596 cauda
859 525 1057 593 verba
1100 546 1137 582 a
1152 528 1238 593 15
1280 521 1505 594 noina
1547 527 1977 594 συντέτακταί
2016 548 2169 603 πως.
2260 525 2471 592 Schw.
2529 548 2651 613 qua
2720 547 2836 592 ra-

598 635 778 699 tione
819 630 905 698 ad
941 633 1233 720 protasin
1267 627 1412 697 ἀλλ’
1443 625 1661 717 ὥσπερ
1697 634 1835 697 019
1868 631 2091 695 referri
2127 628 2283 695 velit
2315 629 2620 717 apodosis
2654 629 2831 695 loco

585 737 707 802 wi
752 729 927 800 ἄλλα
966 731 1170 812 οὕτως
1206 736 1340 801 κτλ.
1375 737 1528 815 ⁶24,
1574 733 1865 821 equidem
1906 755 2040 800 non
2078 733 2398 822 intelligo.
2428 772 2516 784 --
2552 736 2693 800 ⁶23
2740 726 2830 799 τὸ

596 839 1033 925 διακριθῆναι
1082 838 1237 926 quid
1281 838 1603 927 significet
1647 836 1910 903 dubium
1955 848 2069 917 est,
2115 859 2326 925 neque
2368 835 2825 903 contenderim

595 963 752 1007 vere
794 962 896 1007 me
939 941 1002 1008 h.
1032 966 1093 1008 v,
1133 946 1612 1030 interpretatum
1654 962 1814 1007 esse.
1881 942 2061 1008 Alex.
2094 943 2584 1030 Anaxagoreum
2621 941 2824 1007 huius

597 1068 744 1112 voc.
789 1067 971 1112 usum
1015 1044 1280 1112 adhibet
1320 1070 1386 1134 p.
1414 1048 1565 1125 692,
1603 1047 1711 1112 23.

735 1237 818 1302 In
861 1260 1027 1325 quos
1069 1236 1366 1303 incidant
1417 1235 1847 1326 difficultates
1902 1240 2018 1327 qui
2073 1238 2268 1304 aliter
2322 1238 2677 1303 statua-int
2734 1260 2822 1303 ac

600 1364 775 1407 nunc
815 1353 916 1408 est
960 1342 1344 1428 expo-sitan,
1392 1342 1605 1408 1075ae
1635 1342 2063 1408 25—107611
2099 1343 2162 1408 4.

735 1460 1151 1548 superiorum
1207 1460 1744 1546 philosophorum
1806 1458 2040 1547 placita
2099 1460 2429 1547 quomodo
2485 1462 2553 1526 in
2616 1457 2832 1546 expli:

603 1562 806 1631 canda
839 1587 954 1631 sua
990 1563 1280 1630 doctrina
1312 1567 1422 1630 Ar.
1454 1562 1767 1642 adhibeat,
1802 1562 1884 1628 cf.
1915 1561 1996 1628 ad
2018 1564 2090 1628 A
2113 1566 2175 1629 3.
2205 1565 2366 1630 983⁶
2393 1566 2464 1641 13
2497 1564 2561 1628 h.
2587 1562 2629 1628 l.
2658 1584 2821 1628 enu-

601 1672 854 1735 meratis
912 1668 1181 1735 aliorum
1240 1667 1488 1755 placitis
1538 1666 1959 1754 disputationi
2000 1688 2156 1733 suae
2200 1653 2571 1734 indirectam
2617 1688 2819 1754 quan-

604 1772 750 1840 dam
785 1775 1396 1861 argumentationem
1430 1770 1626 1849 addit,
1659 1773 1727 1836 in
1759 1791 2010 1836 errores
2039 1770 2339 1837 incidisse
2369 1771 2818 1837 demonstrans

605 1898 848 1956 omnes,
891 1878 1252 1963 quicunque
1295 1872 1484 1939 aliter
1525 1884 1719 1960 atque
1756 1877 1902 1961 ipse
1936 1878 2291 1940 statuerint.
2362 1876 2540 1953 (026
2585 1879 2651 1940 οἱ
2687 1898 2820 1960 χα-

604 1982 944 2069 ριεστέρως
975 1980 1289 2064 λέγοντες,
1328 1978 1407 2043 cf.
1441 1977 1522 2044 ad
1552 1978 1624 2043 K
1652 1980 1714 2043 2.
1748 1980 1958 2044 106οα
1984 1980 2133 2057 25.)
2194 1976 2328 2041 Sed
2356 2000 2544 2063 quum
2574 2000 2819 2044 summa

604 2082 921 2149 brevitate
964 2081 1362 2170 singulorum
1406 2082 1641 2168 placita
1687 2080 2218 2169 philosophorum
2257 2082 2365 2146 Ar.
2412 2084 2819 2170 perstringat,

607 2186 873 2253 difficile
916 2184 1233 2251 interdum
1281 2196 1379 2250 est
1422 2183 1787 2265 decernere,
1837 2187 1974 2251 iure
2020 2208 2103 2250 an
2145 2186 2379 2251 iniuria
2424 2207 2500 2251 ea
2545 2185 2817 2275 singulis

609 2290 919 2356 obiecerit
974 2311 1138 2376 quae
1198 2287 1465 2365 obiecit;
1529 2309 1603 2352 ea
1662 2289 2059 2377 significasse
2109 2292 2311 2377 mag-is
2356 2311 2539 2374 quam
2588 2288 2820 2355 diiudi-

609 2414 790 2458 casse
833 2396 982 2457 satis
1026 2391 1416 2457 habebimus.
1493 2389 1661 2457 Illud
1703 2403 1911 2458 autem
1950 2397 2293 2480 praecipue
2328 2391 2581 2457 videtur
2618 2404 2820 2458 atten-

611 2496 919 2576 dendum,
964 2495 1043 2561 ad
1090 2494 1434 2561 solvendas
1479 2516 1613 2574 eas,
1659 2517 1822 2582 quse
1866 2496 2008 2562 aliis
2054 2498 2299 2562 «rimini
2344 2495 2590 2574 dantur,
2633 2518 2818 2583 repu-

609 2604 906 2690 gnantias
951 2599 1110 2666 nihil
1153 2602 1385 2688 respici
1430 2593 1781 2687 praeterea,
1825 2603 1949 2666 nisi
1995 2600 2170 2688 quod
2205 2602 2382 2666 hoc
2363 2623 2509 2687 ipso
2543 2604 2610 2666 in
2647 2601 2816 2667 libro

612 2715 712 2770 est
756 2707 1131 2792 expositum.

745 2814 829 2891 a)
876 2812 1086 2876 1075a
1122 2808 1469 2875 28-516.
1542 2810 1638 2874 Ac
1681 2811 1948 2897 primum
1995 2807 2247 2896 quidem
2292 2806 2468 2895 quod
2512 2807 2593 2872 ab
2633 2809 2816 2872 initio

607 2914 796 2979 huius
839 2912 982 2977 libri
1027 2910 1517 2978 substantiarum
1564 2913 1814 2979 diversa
1853 2934 2093 3002 genera
2134 2912 2419 2977 distinxit
2453 2920 2521 2976 et
2556 2914 2819 2976 materia

611 3038 730 3081 our
770 3038 846 3081 ac
889 3015 1093 3102 qualis
1137 3019 1219 3081 sit
1260 3014 1565 3103 ponenda
1610 3021 1933 3102 exposuit,
1978 3014 2133 3103 quid
2178 3018 2414 3081 erroris
2462 3036 2538 3079 ex
2582 3014 2679 3078 his
2726 3036 2819 3079 re-

610 3117 736 3184 bus
779 3139 1002 3205 parum
1044 3123 1399 3206 perspectis
1445 3130 1653 3184 ortum
1699 3119 2122 3198 sit-ostendit,
2163 3121 2252 3184 ita
2296 3128 2511 3183 tamen
2554 3128 2627 3183 ut
2669 3116 2817 3182 data

581 3240 731 3310 ‘per
774 3220 1303 3309 philosophorum
1348 3222 1746 3309 quorundam
1791 3223 2022 3310 placita
2069 3225 2408 3288 occasione
2453 3220 2640 3288 simul
2680 3242 2818 3287 cau·

611 3346 745 3390 sam
789 3323 1048 3390 finalem
1093 3328 1410 3414 respiciat.

747 3429 982 3494 Omnia
1029 3451 1103 3494 ex
1146 3434 1480 3496 contrariis
1515 3431 1657 3497 fieri
1693 3441 1936 3496 tantum
1970 3450 2103 3495 non
2143 3451 2365 3494 omnes
2400 3430 2819 3507 consentiunt,

614 3533 767 3613 028,
812 3533 891 3598 cf.
928 3533 996 3599 Γ
1022 3535 1084 3598 2.
1128 3535 1461 3620 10041129.
1522 3539 1601 3611 Ν
1626 3537 1685 3601 1.
1729 3536 1938 3600 1087a
1961 3536 2067 3599 30.
2125 3533 2381 3618 Phys]
2419 3534 2481 3599 5.
2525 3532 2691 3597 188·
2720 3531 2817 3597 19.

615 3637 704 3700 At
740 3658 874 3703 non
916 3640 1129 3702 omnia
1167 3638 1362 3715 fiunt;
1406 3650 1666 3704 aeterna
1703 3637 2054 3703 substantia
2091 3636 2383 3703 distincta
2424 3638 2690 3722 primum
2728 3646 2820 3701 est

616 3737 697 3805 ab
742 3743 820 3806 iis
863 3761 1027 3827 quae
1059 3744 1383 3807 intereunt
1427 3766 1478 3807 c.
1515 3746 1574 3821 1,
1618 3764 1695 3806 ac
1730 3751 1957 3827 postea
1992 3743 2129 3806 eius
2165 3743 2527 3807 exsistentia
2564 3739 2821 3805 demon-

614 3854 811 3910 strata
859 3855 956 3910 est
1001 3868 1052 3909 c.
1083 3848 1144 3911 6.
1234 3847 1378 3912 Nec
1418 3846 1496 3911 fit
1538 3845 1880 3933 quidquam
1928 3867 2003 3910 ex
2048 3847 2408 3925 contrariis,
2462 3847 2582 3909 nisi
2628 3864 2821 3930 pona-

614 3957 720 4013 tur
761 3951 1013 4013 tertium
1060 3949 1402 4037 quidpiam,
1446 3951 1727 4028 materia,
1771 3948 1850 4012 cf.
1891 3970 1945 4012 c.
1974 3949 2036 4012 2.
2112 3948 2333 4035 Quare
2379 3951 2485 4034 qui
2531 3948 2820 4036 neglexe—

615 4059 765 4115 runt
809 4054 1146 4131 materiam,
1189 4056 1674 4140 generationem
1720 4073 1797 4116 ex
1838 4054 2204 4129 contrariis,
2248 4073 2434 4138 quam
2480 4050 2820 4118 contende-

615 4163 764 4219 runt
807 4155 959 4239 ipsi,
1012 4174 1144 4219 non
1189 4166 1541 4240 potuerunt
1587 4154 1919 4241 explicare,
1970 4155 2281 4243 siquidem
2329 4158 2645 4220 contraria
2691 4175 2818 4219 non

616 4257 988 4324 afficiuntur
1032 4257 1296 4323 alterum
1342 4258 1423 4323 ab
1470 4258 1697 4338 altero,
1736 4260 1888 4338 «30,
1936 4260 2015 4323 cf.
2048 4262 2110 4325 2.
2145 4261 2349 4325 10691)
2373 4262 2434 4324 6.
2510 4258 2821 4323 Platonici

616 4384 774 4427 vero
818 4363 1035 4445 (0234
1072 4363 1249 4442 032)
1286 4359 1460 4448 quod
1497 4361 1763 4427 alterum
1803 4384 1874 4428 ex
1913 4365 2246 4450 oppositis,
2290 4360 2369 4427 τὸ
2407 4356 2659 4440 ἄνισον,
2704 4384 2823 4426 ma-

619 4468 818 4533 teriae
870 4466 1023 4533 loco
1069 4474 1423 4554 posuerunt
1467 4465 1590 4549 (cf.
1630 4470 1706 4534 N
1740 4469 1798 4533 l.
1844 4470 2047 4535 10876
2080 4470 2142 4535 5.
2202 4470 2263 4532 4.
2307 4467 2512 4533 lomb
2544 4468 2704 4549 30),
2762 4465 2823 4531 id
