3109 5175
575 391 720 466 418
1421 394 1468 462 I
1515 388 1576 461 l.
1662 386 1844 463 1053
1862 411 1929 461 a.

579 568 950 647 finitionem,
996 568 1062 631 in
1106 565 1364 631 brevius
1410 574 1796 631 contractam
1833 562 2195 629 redderent.
2268 561 2401 628 Sed
2441 565 2506 628 in
2544 583 2617 629 re
2654 572 2787 628 tam

579 671 770 736 dubia
821 670 980 735 nihil
1027 669 1237 736 audeo
1283 668 1650 735 decernere.
1698 707 1778 720 —
1841 668 2007 733 Ante
2061 662 2355 749 μάλιστα
2410 687 2545 732 non
2590 666 2791 733 debe-

578 775 724 840 bam
762 777 1021 862 gravius
1058 774 1467 862 distinguere,
1505 774 1801 859 quoniam
1842 772 2028 838 huius
2063 774 2249 836 etiam
2287 773 2605 836 enunciati
2636 769 2791 835 sub·

576 883 805 945 iectum
855 889 954 943 est
994 871 1071 943 τὸ
1117 878 1215 942 ἑνὶ
1259 873 1444 942 εἶναι.

709 982 836 1047 ῠ23
880 973 932 1067 ᾦ
975 975 1210 1069 πρώτῳ
1251 974 1466 1046 ποσὰ
1509 975 1949 1064 γιγνώσκεται.
2016 980 2183 1045 Voc.
2222 975 2404 1046 ποσά
2445 979 2501 1043 si
2539 986 2638 1043 est
2673 998 2793 1066 ge-

577 1090 856 1165 nuinum,
894 1088 1256 1152 necessario
1286 1083 1542 1149 videtur
1576 1092 1686 1148 aut
1721 1083 2017 1150 articulus
2057 1082 2415 1149 addendus:
2451 1072 2505 1166 ᾦ
2537 1104 2647 1169 πρ.
2688 1075 2790 1145 τὰ

577 1186 793 1257 ποσὰ
821 1214 899 1275 y„
942 1199 1051 1254 aut
1091 1186 1427 1252 mutandus
1459 1197 1785 1252 accentus:
1823 1178 1876 1270 ᾧ
1909 1182 2142 1270 πρώτῳ
2174 1182 2388 1251 πόσα
2419 1189 2573 1268 (int.
2604 1186 2789 1265 ἐστί)

577 1320 656 1380 y„
703 1294 782 1359 cf.
817 1294 992 1359 Alex.
1023 1315 1088 1378 p.
1113 1293 1261 1371 579,
1293 1292 1397 1355 14.
1470 1289 1602 1356 Sed
1637 1293 1870 1355 rectius
1900 1290 2151 1356 videtur
2182 1293 2386 1377 ipsum
2416 1312 2558 1355 voc.
2586 1284 2789 1365 ποσά,

579 1397 756 1486 quod
803 1418 878 1461 ex
924 1418 1057 1462 uno
1105 1395 1248 1461 cod.
1294 1395 1382 1460 Ab
1425 1393 1631 1459 Bekk.
1676 1396 1744 1458 in
1789 1404 2022 1460 textum
2069 1393 2308 1473 intulit,
2352 1395 2576 1471 omitti,
2628 1402 2703 1459 ut
2747 1413 2789 1456 e

577 1500 1014 1590 superioribus
1059 1499 1271 1565 verbis
1315 1491 1395 1563 τὸ
1439 1494 1656 1564 ποσόν
1698 1498 2087 1586 suppleatur.
2346 1514 2359 1525 ·

709 1606 836 1671 ⁶23
866 1600 943 1669 τὸ
972 1604 1043 1669 ἓν
1073 1601 1376 1689 ἀριθμοῦ
1405 1596 1574 1688 ἀρχὴ
1603 1593 1644 1694 ᾖ
1673 1598 1987 1689 ἀριθμός,
2018 1602 2096 1667 cf.
2130 1601 2211 1667 ad
2241 1602 2296 1673 Δ
2322 1604 2385 1667 6.
2420 1602 2623 1667 10161»
2648 1599 2757 1666 18.

709 1710 925 1774 1053-
967 1710 1003 1773 l
1050 1702 1173 1787 τὴν
1215 1701 1480 1793 μονάδα
1528 1744 1609 1758 -
1657 1702 1871 1798 πάντῃ
1915 1704 2294 1794 ἀδιαίρετον
2307 1754 2324 1784 ,
2370 1705 2450 1770 cf.
2497 1705 2581 1770 ad
2623 1703 2680 1769 A
2721 1706 2790 1769 6.

454 1801 458 1805 ’
579 1813 785 1879 1016ὂ
820 1814 928 1877 29.

645 1925 656 1931 “
711 1917 805 1982 ⁶8
840 1917 1097 1995 κίνησιν
1126 1952 1214 1965 --
1245 1915 1328 1978 11
1363 1914 1681 1998 ταχίστην
1712 1910 1836 1993 τὴν
1865 1916 1987 1980 τοῦ
2020 1910 2324 1997 οὐρανοῦ,
2359 1913 2440 1978 cf.
2475 1911 2558 1977 de
2593 1910 2788 1976 coelo

579 2022 638 2087 11
677 2023 737 2087 4.
777 2021 948 2087 287·
972 2020 1086 2084 23:
1142 2019 1234 2082 ἔτι
1278 2014 1336 2082 δ’
1378 2022 1431 2082 εὶ
1474 2019 1607 2084 τῶν
1650 2019 1771 2103 μὲν
1813 2012 2128 2097 κινήσεων
2172 2011 2248 2081 τὸ
2293 2020 2534 2101 μέτρον
2576 2012 2619 2094 ἡ
2663 2017 2790 2081 τοῦ

579 2123 869 2214 οὐρανοῦ
927 2114 1110 2212 φορὰ
1169 2115 1282 2186 διὰ
1336 2114 1415 2186 τὸ
1470 2115 1637 2186 εἶναι
1685 2117 1859 2206 μόνη
1904 2115 2174 2205 συνεχὴς
2216 2122 2328 2186 καὶ
2373 2117 2631 2204 ὁμαλής
2670 2121 2790 2186 καὶ

576 2224 817 2305 ἀΐδιος,
863 2231 935 2290 ἐν
976 2219 1228 2308 ἑκάστῳ
1272 2224 1342 2289 δὲ
1384 2227 1628 2308 μέτρον
1671 2218 1747 2290 τὸ
1793 2219 2164 2310 ἐλάχιστον,
2216 2225 2525 2308 ἐλαχίστη
2571 2224 2641 2289 δὲ
2685 2224 2788 2288 κε’-

574 2350 763 2411 νησις
805 2327 849 2410 ἡ
894 2330 1202 2412 ταχίστη,
1245 2326 1452 2405 δῆλον
1497 2322 1603 2392 ὅτι
1645 2331 1920 2412 ταχίστη
1966 2321 2053 2393 ἂν
2097 2326 2195 2407 εἴη
2238 2327 2470 2394 πασῶν
2514 2328 2645 2393 τῶν
2687 2350 2788 2391 κι-

574 2429 829 2515 νήσεων
870 2428 914 2511 ἡ
960 2431 1082 2495 τοῦ
1124 2427 1415 2514 οὐρανοῦ
1456 2432 1724 2510 κίνησις.

713 2538 923 2604 1053a
958 2535 1044 2600 14
1084 2532 1228 2600 οὐκ
1262 2530 1391 2601 ἀεὶ
1428 2534 1509 2600 δὲ
1548 2570 1635 2582 -
1663 2535 1748 2600 ⁶3
1785 2535 2073 2619 λέγειν.
2140 2536 2495 2601 Mensura
2476 2530 2612 2622 ip'sa
2644 2555 2789 2600 sua-

576 2652 689 2729 pte
731 2652 955 2706 natura
1000 2660 1194 2704 unum
1240 2637 1560 2726 quidpiam
1608 2649 1705 2704 est
1749 2650 1815 2704 et
1858 2638 2282 2719 individuum,
2339 2640 2453 2705 sed
2504 2661 2641 2706 non
2687 2649 2789 2706 est

575 2745 840 2811 necesse
887 2733 1169 2809 eiusdem
1213 2747 1470 2831 generis
1512 2765 1722 2809 rerum
1770 2765 1957 2808 unam
1996 2743 2189 2809 modo
2231 2765 2371 2809 esse
2408 2766 2784 2810 mensuram.

577 2849 802 2913 Veluti
844 2850 1144 2913 musicam
1191 2858 1388 2913 artem
1433 2851 1542 2935 qui
1586 2847 1879 2913 subtilius
1934 2850 2422 2932 inquisiverunt,
2481 2851 2784 2934 quoniam

576 2954 910 3019 hemitonii
953 2950 1087 3017 duo
1132 2962 1280 3018 sunt
1321 2973 1578 3041 genera,
1623 2953 1867 3034 λεῖμμα
1915 2961 1979 3015 et
2020 2947 2328 3035 ἀποτομή
2373 2952 2493 3032 (cf.
2536 2951 2785 3031 Bbckh,

574 3055 788 3143 Bildg.
838 3055 899 3121 d.
930 3055 1301 3120 Weltseele
1341 3066 1460 3122 etc.
1499 3059 1567 3120 in
1596 3054 1789 3120 Daub
1829 3078 1889 3119 u.
1922 3053 2153 3120 Creuz.
2185 3055 2365 3121 stud.
2396 3057 2506 3122 111.
2543 3081 2605 3143 p.
2636 3059 2785 3137 59),

579 3162 770 3224 etiam
815 3160 1100 3237 διέσεως,
1148 3181 1310 3245 quae
1357 3170 1455 3225 est
1496 3158 1757 3224 dimidia
1801 3180 1946 3245 pars
1990 3161 2345 3239 hemitonii,
2391 3159 2521 3225 duo
2562 3159 2786 3226 distin-

576 3273 783 3350 guunt
840 3282 1079 3350 genera
1128 3273 1193 3327 et
1236 3262 1393 3328 duas
1436 3261 1589 3327 inde
1633 3266 1968 3328 inveniunt
2010 3262 2487 3329 intervallorum
2532 3285 2785 3329 mensu-

575 3387 706 3443 ras,
765 3387 1135 3451 quamquam
1193 3365 1354 3432 illud
1415 3365 1665 3452 quidem
1724 3366 2045 3432 intervalli
2095 3366 2430 3432 discrimen
2473 3389 2608 3432 non
2654 3378 2783 3432 tam

573 3467 878 3534 audiendi
939 3475 1076 3535 acie
1138 3493 1324 3557 quam
1383 3471 1825 3557 computandis
1884 3469 2366 3536 intervallorum
2425 3470 2784 3537 rationibus

575 3573 982 3638 arithmeticis
1017 3585 1392 3662 repererunt
1436 3579 1548 3654 (αἱ
1593 3568 1687 3660 μὴ
1730 3568 1904 3640 κατὰ
1944 3568 2069 3654 τὴν
2103 3570 2313 3655 ἀκοὴν
2349 3572 2494 3640 ἀλλ’
2535 3579 2607 3642 ἐν
2641 3584 2785 3652 τοῖς

576 3672 799 3760 λόγοις
835 3680 1038 3762 α16).
1142 3681 1385 3744 Pariter
1443 3699 1656 3743 sermo
1715 3677 1860 3766 plus
1915 3698 2105 3744 unam
2161 3678 2354 3744 habet
2410 3699 2784 3756 mensuram,

573 3784 729 3859 «17,
789 3781 899 3846 ubi
947 3782 1200 3870 quidem
1243 3782 1413 3847 haud
1460 3785 1595 3847 scio
1640 3803 1723 3847 an
1766 3781 2103 3870 longarum
2150 3793 2215 3848 et
2256 3783 2540 3848 brevium
2587 3780 2786 3867 sylla-

573 3885 795 3950 barum
834 3886 1168 3952 discrimen
1202 3884 1578 3952 Aristoteles
1613 3886 1893 3951 voluerit
1919 3885 2218 3951 indicare.
2279 3887 2575 3970 Denique
2604 3883 2783 3971 quod

573 3989 807 4054 lineam
867 3989 1270 4080 diagonalem
1332 4001 1396 4056 et
1451 3989 1616 4054 latus
1667 3990 1955 4076 quadrati
2002 3999 2066 4054 et
2108 3983 2196 4055 τὰ
2238 3989 2496 4075 μεγέθη
2538 3984 2782 4065 πάντα,

575 4096 615 4159 i.
647 4116 703 4159 e.
752 4096 873 4158 nisi
920 4094 1110 4160 fallor
1152 4095 1343 4182 plana
1392 4096 1621 4173 omnia,
1666 4093 1912 4159 duabus
1955 4097 2264 4159 mensuris
2302 4095 2651 4157 mensurari
2689 4090 2784 4157 di-

576 4202 690 4278 cit,
747 4197 876 4263 hoc
925 4198 1181 4264 videtur
1234 4197 1627 4285 significare,
1688 4208 1754 4262 et
1795 4201 2104 4263 rationem
2165 4219 2327 4283 quae
2372 4195 2780 4283 diagonalem

573 4304 744 4367 inter
788 4313 851 4366 et
895 4301 1058 4367 latus
1103 4299 1457 4376 intercedit,
1503 4312 1569 4366 et
1612 4301 1950 4367 cuiuslibet
1989 4302 2220 4389 planae
2262 4301 2510 4388 figurae
2541 4304 2782 4388 magni-

573 4404 859 4470 tudinem
889 4427 1022 4470 nou
1052 4404 1306 4471 definiri
1339 4426 1464 4468 una
1496 4403 1667 4469 linea
1692 4416 2070 4486 mensurata,
2106 4404 2222 4471 sed
2252 4403 2499 4471 duabus
2530 4425 2782 4470 mensu-

575 4511 727 4573 ratis
773 4519 839 4574 et
880 4529 1215 4574 mensurae
1255 4511 1536 4574 numeris
1580 4512 1748 4576 inter
1790 4533 1861 4577 se
1903 4508 2351 4596 multiplicatis.
2398 4543 2482 4561 --
2540 4508 2781 4576 Proba-
