3109 5175
1196 375 1274 448 Z
1311 370 1384 445 2.
1467 368 1734 448 102Βὸ.
2418 371 2567 448 297

359 551 435 618 ἐν
476 547 575 632 τῷ
616 541 897 614 ἑκάστου
939 542 1114 632 λόγῳ
1167 545 1288 613 τὸν
1337 549 1457 627 τῆς
1498 544 1733 625 οὐσίας
1773 541 2156 634 ἐνυπάρχειν
2196 548 2363 627 ⁸35,
2419 548 2569 614 huic

359 652 614 719 demum
655 650 856 719 addas
901 650 1268 732 accidentia,
1311 651 1389 716 cf.
1436 648 1518 715 ad
1565 651 1620 716 A
1652 652 1759 716 28.
1806 651 2009 716 1024»
2047 652 2107 716 4.
2139 689 2228 702 —-
2269 650 2568 737 Denique

359 778 552 843 quum
597 750 830 841 γνώσει
873 755 1136 841 πρῶτον
1179 754 1591 820 substantiam
1637 775 1778 820 esse
1822 753 2003 833 dicit,
2060 776 2135 820 ex
2192 756 2329 840 ipsa
2385 775 2568 842 argu-

358 856 684 925 mentandi
741 859 1018 937 ratione,
1063 860 1422 939 aas—⁶2,
1476 860 1892 946 cognoscitur
1944 879 2063 943 per
2117 856 2451 923 formulam
2500 861 2568 924 ‘cl

360 967 499 1029 ἐστι
556 982 691 1028 non
746 965 1011 1048 primum
1070 962 1423 1028 subiectum
1482 961 1593 1027 vel
1653 965 1915 1049 primam
1972 964 2361 1049 categoriam
2397 965 2446 1042 ‘(
2460 963 2570 1027 die

363 1065 750 1145 worm),
793 1064 910 1131 sed
953 1068 1154 1152 ipsam
1199 1069 1293 1132 rei
1333 1076 1618 1131 naturam
1664 1065 1829 1146 (dae
1870 1064 2155 1146 Wesen)
2201 1064 2567 1154 significari.

362 1170 650 1236 Eandem
707 1167 1209 1257 ambiguitatem,
1267 1190 1431 1255 quae
1476 1168 1624 1234 h..1.
1667 1172 1737 1234 in
1780 1189 1960 1234 voco.
2005 1162 2082 1233 τὸ
2125 1170 2192 1233 τί
2234 1172 2373 1235 ἐστι
2417 1189 2571 1234 con-

359 1276 578 1360 spicua
624 1282 750 1351 est,
793 1274 861 1337 in
905 1274 1044 1358 ipsa
1091 1276 1278 1338 etiam
1323 1269 1557 1347 οὐσίας
1597 1275 1867 1354 notione
1912 1273 2255 1351 contineri,
2308 1294 2570 1358 appare-

360 1376 457 1442 bit
501 1399 576 1442 ex
619 1375 1055 1462 disputatione
1101 1397 1237 1462 cap.
1269 1376 1331 1442 3.
1369 1413 1459 1427 -
1492 1377 1581 1442 ⁶5
1625 1380 1703 1441 οὶ
1748 1372 1807 1441 δ’
1845 1368 2164 1462 ἄπειρα.
2234 1378 2570 1465 Anaxago·

360 1501 494 1546 ram
554 1491 620 1546 et
662 1480 1100 1545 Democritum
1159 1478 1431 1567 intelligi
1488 1501 1644 1544 vere
1688 1478 1866 1546 Alex.
1926 1490 2163 1545 monet.
2211 1517 2293 1532 -
2340 1482 2422 1547 ⁶7
2472 1477 2571 1558 ὡς

363 1588 658 1664 εἰπεῖν,
702 1583 780 1649 cf.
825 1582 907 1650 ad
951 1582 1026 1647 A
1072 1585 1133 1649 l.
1178 1583 1346 1649 98οα
1385 1583 1490 1647 25.

1269 1826 1496 1903 CAP.
1566 1828 1665 1903 ΙΙ.

494 1987 859 2076 Antequam
913 1985 1319 2054 memmiae
1373 1997 1683 2053 naturam
1738 1987 2140 2071 investigare
2182 1989 2328 2074 ipae
2367 1993 2572 2055 cucei-

353 2093 481 2179 pit,
523 2094 749 2157 vav-iae
791 2101 856 2158 et
895 2092 1081 2178 malgt'
1122 2101 1187 2157 et
1219 2088 1756 2177 philosophorum
1788 2089 1872 2156 de
1906 2113 1987 2156 ea
2020 2093 2376 2157 amendia·
2401 2116 2571 2179 pau-

362 2199 463 2262 cis
506 2204 854 2261 enumerat.

500 2317 703 2382 1⁰2&
744 2316 788 2380 8
833 2316 1064 2381 δοκεῖ
1105 2352 1195 2366 -
1240 2316 1326 2380 13
1369 2308 1624 2394 ἥλιος.
1711 2309 2062 2399 Vulgarem
2119 2313 2444 2380 hominum
2488 2313 2573 2381 de

365 2418 722 2485 substantia
780 2421 1151 2505 opinionem
1209 2416 1557 2506 significari
1615 2436 1970 2504 cognoscas
2029 2439 2065 2482 e
2120 2417 2334 2484 verbis
2379 2419 2573 2498 δοκεῖ,

364 2517 833 2613 φανερώτατα,
877 2526 1116 2613 φαμέν.
1206 2518 1617 2607 Corporibus
1663 2529 1871 2587 autem
1919 2523 2235 2585 communi
2278 2521 2416 2587 fere
2460 2521 2575 2589 ho·

363 2629 600 2693 minum
645 2647 962 2692 consensu
1007 2626 1202 2692 tribui
1245 2623 1640 2690 substantiae
1685 2623 2072 2712 dignitatem,
2116 2645 2311 2711 saepe
2355 2636 2575 2691 monet

366 2729 767 2809 Aristoteles,
789 2730 868 2794 cf.
890 2731 980 2794 H
998 2733 1055 2796 l.
1083 2729 1292 2795 10420
1317 2729 1423 2793 25.
1469 2732 1543 2794 A
1571 2729 1632 2793 l.
1663 2730 1872 2794 106901
1888 2730 1996 2794 30.
2045 2730 2133 2794 Μ
2147 2730 2206 2794 2.
2237 2728 2446 2793 10770
2460 2729 2570 2795 31.

369 2844 435 2899 et
464 2832 543 2897 ad
574 2837 628 2900 Δ
648 2834 709 2898 8.
746 2836 948 2899 1017ὺ
974 2835 1079 2898 10.
1160 2831 1363 2898 Cuius
1406 2833 1729 2917 opinionis
1769 2831 2050 2918 exempla
2085 2836 2352 2917 primum
2387 2832 2575 2899 affert

367 2937 661 3002 animalia
709 2946 773 3002 et
817 2936 1067 3023 plantas
1113 2956 1458 3020 eorumque
1497 2944 1730 3019 partes,
1775 2933 2009 3000 deiude
2045 2928 2130 2999 τὰ
2169 2931 2415 3021 φυσικὰ
2447 2932 2574 3003 σώ-

365 3064 570 3126 ματα,
594 3062 722 3126 quo
750 3041 1067 3108 vocabulo
1094 3042 1198 3105 hic
1223 3039 1551 3116 elementa,
1582 3030 1669 3102 τὰ
1697 3035 1882 3103 ἁπλᾶ
1909 3033 2202 3121 σώματα,
2231 3039 2575 3128 significari

371 3166 446 3210 ex
493 3147 791 3231 proximis
835 3145 1047 3210 verbis
1094 3153 1390 3230 apparet3
1450 3153 1581 3207 tum
1637 3144 1751 3208 καὶ
1807 3137 1936 3209 ὅσα
1991 3135 2038 3223 ἢ
2077 3138 2284 3230 μόρια
2328 3140 2577 3212 τούτων
2674 3179 2683 3190 ·

370 3251 527 3329 (int.
562 3250 690 3312 τῶν
726 3251 1101 3332 στοιχείων)
1141 3243 1186 3326 ἢ
1220 3251 1291 3311 ὲκ
1325 3241 1573 3311 τούτων
1608 3247 1803 3323 ἐστίν,
1849 3240 1893 3326 ἢ
1934 3248 2183 3332 μορίων
2214 3238 2257 3326 ἢ
2291 3243 2575 3315 πάντων.

369 3352 709 3419 Adiectivo
767 3345 1034 3418 πάντων
1092 3353 1337 3437 opponi
1395 3351 1612 3435 potius
1669 3360 1996 3435 exspectes
2051 3343 2095 3428 ἢ
2144 3352 2342 3417 τινῶν
2385 3351 2490 3417 vel
2534 3346 2578 3433 ἢ

370 3457 580 3534 ἐνίων,
635 3453 807 3541 quod
851 3444 1234 3522 vocabulum
1279 3463 1346 3518 et
1390 3452 1518 3517 leni
1567 3451 1903 3519 admodum
1948 3456 2296 3519 mutatione
2340 3459 2404 3520 in
2452 3466 2580 3522 tex·

325 3606 338 3614 -
373 3569 504 3625 tum
550 3567 768 3645 potest
810 3557 1030 3623 inferri
1077 3569 1143 3624 et
1186 3557 1487 3644 aliquam,
1541 3557 1693 3622 licet
1734 3576 1868 3621 non
1914 3559 2064 3620 satis
2109 3568 2369 3635 certam,
2413 3580 2582 3624 com-

371 3662 849 3729 mendationem
905 3661 1101 3728 habet
1145 3685 1220 3728 ex
1263 3665 1792 3749 interpretatione
1838 3658 2176 3727 Alexandri
2222 3683 2285 3747 p.
2318 3663 2466 3741 «128,
2511 3665 2581 3730 7:

374 3769 488 3833 καὶ
535 3761 668 3833 ὅσα
709 3761 914 3850 μόρια
952 3761 1200 3832 τούτων
1233 3759 1278 3848 ἢ
1320 3771 1390 3832 ἐκ
1426 3765 1673 3833 τούτων
1712 3768 1873 3831 εἰσὶν
1912 3756 1957 3843 ἢ
1991 3758 2260 3831 ’πάντων
2296 3757 2341 3844 ἢ
2374 3768 2580 3833 ἐνίων.

373 3869 575 3956 Quod
621 3873 676 3934 si
720 3870 970 3953 μορίων
1012 3872 1358 3958 genuinum
1405 3871 1627 3950 fuerit,
1684 3872 1751 3935 in
1807 3865 2117 3934 eiusmodi
2163 3868 2584 3955 explicatione

371 3972 630 4039 videtur
671 3973 1197 4059 acquiescendum
1242 3996 1410 4041 esse:
1454 3995 1869 4061 quaecunque
1896 3972 2000 4039 vel
2033 3995 2108 4038 ex
2139 3973 2426 4060 partibus
2461 3975 2585 4041 ele-

372 4088 734 4144 mentorum
780 4088 1092 4157 constant,
1134 4079 1335 4145 veluti
1383 4077 1675 4143 animalia
1721 4089 1787 4143 et
1818 4078 2091 4166 plantae,
2134 4077 2240 4143 vel
2278 4101 2351 4144 ex
2388 4083 2586 4145 omni-

374 4183 500 4249 bus
558 4181 746 4249 simul
805 4182 1165 4262 elementis,
1231 4182 1431 4248 veluti
1490 4181 1740 4249 coelum
1799 4185 1934 4250 sive
1990 4181 2210 4250 mundi
2266 4183 2586 4249 sensibilis

377 4288 777 4354 universitas.

519 4391 724 4459 1⁰2812
768 4392 853 4459 15
900 4391 1125 4458 δοκεῖ
1168 4390 1251 4457 δέ
1307 4426 1388 4441 -
1434 4392 1518 4457 27
1568 4387 1963 4471 αἰσθητά.
2053 4390 2200 4477 Qua
2255 4392 2585 4456 ratiocina-

375 4500 558 4564 tione
600 4495 775 4562 ducti
823 4493 1076 4581 quidam
1121 4493 1515 4561 substantiae
1557 4497 1683 4563 ‚vim
1729 4516 1766 4560 a
1810 4494 2193 4584 corporibus
2237 4493 2319 4561 ad
2365 4514 2585 4561 eorum
