3109 5175
583 372 722 454 158
1083 340 1106 365 ’
1424 376 1499 452 Β
1546 377 1615 451 4.
1690 374 1919 451 9991).

577 554 931 634 sensibiles,
983 558 1035 619 si
1083 552 1226 640 quis
1266 564 1520 640 praeter
1568 553 1811 640 aliquas
1857 575 1931 619 ex
1975 552 2052 618 iis
2098 553 2364 617 formam
2408 569 2526 638 per
2569 568 2641 615 se
2684 568 2787 615 ex-

575 664 802 725 sistere
846 661 1136 746 posuerit
1181 692 1264 708 -
1310 657 1484 744 quod
1542 670 1684 723 erat
1739 658 2005 723 alterum
2060 656 2391 721 divisionis
2436 653 2785 720 membrum

574 767 712 830 «34
749 800 855 843 -—,
903 761 1165 828 difficile
1209 772 1306 826 est
1350 761 1542 841 dictu,
1588 784 1751 849 quae
1795 765 1922 826 sint
1964 782 2070 825 res
2116 758 2475 847 eligendae.
2551 758 2787 843 Neque

576 873 741 934 enim
784 871 853 933 in
883 865 1179 932 omnibus
1208 867 1335 930 hoc
1367 865 1611 930 admitti
1644 885 1838 951 posse
1870 874 2151 951 apparet,
2195 864 2273 927 cf.
2307 861 2388 927 ad
2420 863 2492 927 A
2520 864 2583 926 9.
2615 862 2785 926 991⁵

573 975 618 1037 6
646 994 783 1059 sqq.
859 973 955 1036 lta
1002 991 1190 1056 quum
1234 969 1419 1034 simul
1461 970 1709 1034 tertiam
1754 967 2104 1033 absolverit
2149 966 2478 1031 divisionis
2520 975 2784 1052 partem,

573 1094 722 1140 num
769 1084 1026 1161 praeter
1068 1093 1289 1139 omnes
1333 1090 1436 1136 res
1479 1072 1823 1159 ponendae
1865 1076 1992 1137 sint
2037 1093 2251 1137 earum
2298 1072 2568 1146 formae,
2623 1067 2785 1132 duas

574 1177 754 1242 addit
785 1176 1209 1253 difficultates,
1255 1175 1482 1261 quibus
1519 1175 1912 1262 implicemur
1941 1178 2075 1240 sive
2105 1184 2364 1261 praeter
2388 1190 2617 1238 omnes
2647 1172 2787 1236 sive

573 1292 831 1369 praeter
873 1281 1114 1367 aliquas
1159 1298 1264 1343 res
1307 1279 1644 1344 sensibiles
1682 1280 1917 1343 formas
1953 1278 2250 1344 absolute
2287 1288 2353 1342 et
2386 1297 2502 1363 per
2533 1295 2604 1340 se
2641 1293 2785 1339 esse

572 1388 989 1461 statuerimus,
1024 1384 1374 1448 ⁶20-24.
1455 1383 1807 1469 Quaeritur
1850 1385 2034 1463 enim,
2077 1404 2225 1447 num
2274 1383 2570 1457 omnium,
2619 1398 2785 1463 quae

572 1487 693 1553 sub
740 1487 959 1552 eadem
1006 1489 1413 1551 continentur
1454 1486 1656 1551 sonna
1703 1497 1769 1552 et
1814 1489 2048 1573 specie,
2101 1483 2322 1550 eadem
2368 1487 2451 1548 sit
2493 1480 2787 1546 substan-

572 1596 688 1671 tia,
748 1591 1024 1677 denique
1075 1593 1128 1655 si
1174 1593 1438 1655 seorsim
1484 1611 1626 1656 esse
1672 1602 1995 1677 ponantur
2037 1601 2103 1654 et
2144 1590 2405 1652 materia
2452 1596 2518 1650 et
2561 1586 2786 1665 forma,

573 1699 682 1783 qui
725 1695 842 1761 fiat
884 1704 960 1760 ut
1001 1705 1234 1759 coeant
1277 1714 1488 1759 secum
1536 1706 1603 1759 et
1646 1717 1777 1760 rem
1824 1705 2185 1759 concretam
2228 1693 2636 1757 constituant.

990 1887 1309 1965 Quaem
1351 1907 1546 1951 mna.
1637 1886 2267 1967 999624-1001112
2303 1884 2363 1949 4.

702 2007 1026 2093 Principia
1083 2003 1334 2094 singula
1394 2024 1682 2091 quaeque
1740 2008 2064 2091 quaeritur
2119 2025 2266 2068 num
2324 2005 2629 2068 unitatem
2675 2001 2785 2066 ha·

570 2109 770 2176 beant
812 2108 1196 2175 numeralem
1243 2130 1325 2173 au
1370 2112 1675 2183 unitatem
1720 2109 1963 2173 formae
2004 2117 2069 2171 et
2105 2110 2356 2194 speciei.
2426 2104 2781 2192 Quomodo

573 2212 1044 2301 distinguantur
1097 2217 1267 2277 inter
1320 2232 1391 2276 se
1435 2214 1504 2278 ἓν
1549 2210 1827 2298 ἀριθμῷ
1871 2222 1936 2275 et
1979 2212 2049 2277 ἓν
2094 2212 2244 2276 εἴδει
2290 2214 2644 2298 expositum
2692 2209 2784 2274 le-

571 2319 777 2406 gimus
822 2318 876 2381 A
915 2319 975 2381 6.
1025 2317 1230 2379 101611
1266 2317 1346 2381 31
1397 2336 1531 2401 sqq.
1600 2312 1719 2380 'Ac
1774 2318 2039 2402 primum
2100 2314 2353 2401 quidem
2401 2317 2781 2400 principium

573 2419 845 2506 quodvis
890 2439 1082 2485 unum
1127 2438 1391 2484 numero
1436 2418 1694 2484 videtur
1735 2418 2134 2484 statuendum
2176 2438 2333 2497 esse,
2378 2421 2522 2504 quia
2553 2420 2640 2481 ita
2672 2414 2781 2482 de·-

572 2544 739 2589 mum
782 2542 885 2587 res
932 2542 1007 2588 ex
1054 2524 1379 2610 principiis
1427 2520 1755 2596 deductae,
1802 2542 1965 2609 quae
2010 2543 2142 2588 non
2182 2525 2483 2589 maiorem
2522 2542 2646 2587 nec
2680 2541 2783 2585 su·-

571 2630 888 2715 periorem
935 2631 1086 2714 ipsis
1132 2629 1458 2714 principiis
1504 2626 1740 2692 habere
1786 2637 2061 2713 possunt
2103 2630 2427 2705 unitatem,
2472 2628 2781 2690 unitatem

572 2730 958 2796 numeralem
1004 2741 1274 2817 possunt
1317 2730 1581 2806 habere3
1642 2729 1877 2796 deinde
1936 2735 2085 2818 quia
2142 2731 2389 2796 sublata
2433 2732 2782 2816 principio-

572 2855 709 2899 rum
768 2837 1010 2899 unitate
1068 2833 1374 2899 numerali
1418 2833 1666 2900 tollitur
1709 2838 2029 2924 cogniti03
2088 2844 2569 2922 cognoscuntur
2614 2835 2780 2897 enim

574 2959 688 3003 eae
733 2957 853 3017 res,
897 2958 1060 3024 quae
1106 2938 1325 3004 eadem
1365 2944 1775 3004 eontinentur
1809 2943 2094 3018 notione,
2140 2957 2259 3024 per
2287 2940 2593 3009 ‚unitatem
2637 2951 2783 3023 spe-

573 3045 722 3119 ciei,
781 3064 943 3128 quae
987 3045 1041 3106 si
1087 3053 1151 3107 et
1195 3046 1332 3128 ipsa
1378 3054 1547 3108 esset
1592 3063 1725 3107 non
1769 3045 2041 3121 numeri,
2101 3041 2213 3105 sed
2272 3044 2499 3106 iterum
2541 3041 2781 3127 speciei

573 3148 807 3223 unitas,
864 3150 932 3210 in
980 3145 1296 3209 infinitum
1343 3157 1512 3211 esset
1555 3145 2097 3235 progrediendum
2145 3156 2211 3211 et
2253 3143 2527 3232 proinde
2573 3148 2780 3209 omnis

570 3248 822 3314 sublata
880 3252 1186 3337 cognitio.
1292 3248 1537 3316 Contra
1603 3254 1656 3315 si
1714 3270 1978 3316 numero
2036 3273 2161 3316 una
2223 3271 2363 3315 esse
2419 3258 2782 3314 statuuntur

570 3349 896 3441 principia,
932 3373 1065 3418 non
1103 3363 1320 3440 potest
1354 3351 1506 3417 inde
1537 3374 1745 3419 rerum
1778 3358 1980 3420 maior
2010 3358 2212 3441 repeti
2241 3375 2556 3433 numeruS,
2593 3375 2777 3442 quam

571 3459 820 3540 qui-est
856 3459 1136 3542 ipsorum
1175 3459 1646 3543 principiorum.
1716 3458 2121 3525 Numeralem
2156 3460 2351 3545 igitur
2384 3468 2455 3523 ut
2491 3479 2780 3544 compro-

568 3559 681 3624 bet
736 3563 1188 3647 principiorum
1237 3566 1568 3641 unitatem,
1624 3583 1659 3627 e
1703 3573 1925 3627 natura
1973 3565 2433 3648 principiorum
2477 3561 2777 3627 idealium

571 3676 1063 3750 argumentatur,
1113 3664 1196 3729 ad
1246 3665 1574 3731 formalem
1623 3677 1828 3731 autem
1874 3667 2174 3730 unitatem
2223 3664 2776 3729 demonstrandam

570 3780 796 3832 natura
840 3768 1251 3834 materialium
1296 3774 1750 3856 principiorum
1797 3772 2013 3835 utitur.
2090 3767 2191 3833 Ad
2235 3766 2672 3834 illustrandam
2714 3779 2779 3833 et

567 3869 939 3936 solvendam
997 3872 1163 3937 hanc
1220 3876 1656 3959 quaestionem
1704 3873 1782 3937 cf.
1830 3875 1890 3937 6.
1940 3873 2142 3938 1⁰02*
2186 3873 2486 3938 12-32.
2550 3874 2639 3937 Μ
2677 3874 2777 3950 10,

567 3973 681 4037 ubi
728 3974 955 4040 eodem
1013 3976 1302 4063 syllabae
1357 3976 1646 4063 exemplo
1696 3980 1892 4044 utitur
1936 3976 2313 4042 Aristoteles
2369 3976 2628 4042 uberius
2675 3997 2777 4040 ex·

569 4080 803 4162 posito.

699 4183 863 4246 999⁶
904 4183 991 4247 34
1046 4177 1252 4248 οὕτω
1308 4178 1456 4269 γὰρ
1515 4183 1859 4266 λέγομεν
1914 4177 2004 4248 τὸ
2049 4179 2240 4247 καθ’
2283 4187 2638 4248 ἕκαστον
2680 4176 2774 4246 τὸ

567 4280 907 4369 ἀριθμῷ
951 4289 1048 4350 ἕν.
1117 4277 1435 4374 Schwegl.
1477 4295 1634 4372 post
1669 4291 1947 4352 ἕκαστον
1979 4285 2126 4351 addi
2162 4286 2301 4352 vult
2340 4283 2442 4364 ὡς,
2488 4285 2602 4351 sed
2640 4305 2775 4350 non

567 4407 731 4474 opus
781 4401 876 4452 est
921 4394 1301 4456 coniectura.
1385 4391 1825 4477 Appositionis
1871 4394 2069 4456 instar
2112 4393 2278 4454 inter
2320 4410 2389 4453 se
2437 4393 2775 4455 coniuncta

565 4501 716 4557 sunt
758 4486 928 4557 οὕτω
973 4503 1042 4559 et
1083 4490 1160 4561 τὸ
1208 4491 1482 4584 ἀριθμῷ
1528 4499 1627 4575 ἓν,
1683 4505 1757 4560 ut
1811 4495 1935 4559 hoc
1979 4493 2147 4559 dicat
2192 4493 2602 4560 Aristoteles:
2657 4494 2778 4557 hac
