3109 5175
572 356 669 430 52
1428 353 1504 424 A
1549 348 1623 423 2.
1699 331 1846 423 ‘sse
1863 349 1927 422 b.

573 534 850 609 tionem,
908 530 1147 596 εἰδέναι
1198 524 1441 593 sciendi
1484 525 1680 590 finem
1726 535 1791 590 et
1836 531 2130 589 eventum
2173 521 2523 610 significet,
2582 542 2665 585 ne
2711 542 2787 586 ex

581 640 723 720 ipso
761 631 1014 719 quidem
1046 633 1172 697 hoc
1198 631 1349 695 loco
1380 640 1597 717 potest
1624 628 2043 716 comprobari,
2083 626 2391 712 siquidem
2421 647 2558 692 non
2584 624 2786 689 verbo

577 738 845 813 εἰδέναι,
905 734 1022 799 sed
1066 737 1545 821 praepositione
1590 729 1701 798 διά
1744 730 2168 819 significatum
2215 738 2339 805 est,
2394 749 2522 814 quo
2568 726 2791 792 tendat

577 837 1011 927 cognoscendi
1055 837 1350 902 studium.
1441 835 1699 921 Quodsi
1754 833 1908 921 quid
1967 842 2066 897 est
2124 831 2529 897 statuendum
2575 829 2790 894 discri-

580 946 795 1020 minis,
854 940 1248 1028 probabilius
1308 937 1541 1003 dixeris
1599 960 1717 1024 per
1765 936 2027 1001 verbum
2074 936 2314 1000 εἰδέναι
2357 938 2789 1022 cognitionem

584 1047 834 1131 opponi
883 1047 1150 1122 actioni,
1208 1042 1286 1106 cf.
1334 1040 1414 1105 ad
1459 1041 1502 1105 l.
1548 1041 1619 1119 l.,
1676 1061 1793 1126 per
1836 1039 2100 1103 verbum
2146 1039 2558 1103 ἐπίστασθαι
2600 1036 2793 1101 stabi-

578 1149 703 1213 lem
736 1159 810 1212 et
840 1147 1082 1210 firmam
1118 1149 1445 1209 scientiam
1486 1144 1791 1231 distingui
1832 1143 1911 1207 ab
1940 1145 2114 1207 inani
2149 1144 2507 1227 opinione.)
2572 1142 2658 1204 Et
2687 1139 2794 1204 ad-

581 1254 978 1316 mirationem
1025 1248 1277 1335 quidem
1326 1246 1498 1334 quod
1546 1246 2044 1333 philosophandi
2089 1250 2310 1311 statuit
2347 1265 2595 1308 causam
2635 1264 2793 1320 esse,

583 1377 723 1419 cum
759 1353 1030 1418 Platone
1074 1356 1408 1429 consentit,
1453 1351 1718 1415 Theaet.
1766 1372 1825 1436 p.
1862 1348 2072 1414 1556:
2116 1343 2300 1433 μάλα
2344 1343 2473 1433 γὰρ
2517 1340 2794 1433 φιλοσό-

583 1481 721 1546 φου
748 1459 943 1522 τοῦτο
976 1449 1051 1520 τὸ
1084 1452 1316 1530 πάθος
1346 1450 1424 1518 τὸ
1454 1450 1843 1537 θαυμάζειν,
1889 1448 1970 1517 οὐ
2011 1447 2139 1537 γὰρ
2185 1445 2354 1536 ἀρχὴ
2399 1445 2569 1528 ἄλλη
2600 1449 2794 1537 φιλο-

585 1562 832 1649 σοφίας
874 1553 920 1638 ἢ
964 1554 1150 1638 αὕτη.
1221 1562 1430 1645 Atque
1476 1580 1550 1623 ea
1596 1556 1929 1645 admiratio
1977 1576 2199 1620 exorsa
2245 1576 2281 1617 a
2325 1554 2516 1620 rebus
2548 1553 2796 1617 levissi-

586 1666 702 1726 mis
763 1672 829 1727 et
885 1683 1048 1748 quae
1105 1667 1367 1727 maxime
1411 1671 1560 1728 sunt
1603 1664 1669 1725 in
1710 1668 2010 1746 promptu
2057 1657 2139 1722 ad
2184 1660 2421 1722 maiora
2467 1656 2794 1743 paullatim

590 1775 655 1829 et
711 1767 1009 1851 graviora
1069 1766 1354 1830 escendit
1410 1762 1556 1830 οἷον
1604 1765 1753 1848 περί
1794 1784 1865 1826 τε
1905 1763 2038 1826 τῶν
2078 1763 2201 1840 τῆς
2240 1757 2517 1839 σελήνης
2559 1758 2795 1837 παθη-

562 1865 821 1954 mbram
876 1869 989 1934 καὶ
1045 1870 1177 1933 τῶν
1232 1870 1381 1954 περὶ
1437 1861 1556 1933 τὸν
1611 1861 1802 1946 ἥλιον
1855 1866 1968 1930 καὶ
2018 1858 2286 1950 ἄστρα
2328 1865 2440 1928 καὶ
2482 1864 2633 1949 περὶ
2674 1860 2795 1939 τῆς

587 1973 711 2037 τοῦ
752 1965 1003 2047 παντὸς
1044 1975 1367 2054 γενέσεως.
1440 1966 1981 2055 Acquiescendum
2019 1970 2237 2053 putavi
2275 1969 2340 2032 in
2374 1966 2654 2031 lectione
2689 1985 2798 2028 co·

564 2075 800 2140 ·dicum
845 2085 1099 2161 praeter
1142 2073 1231 2138 Ab
1271 2077 1547 2139 omnium
1595 2068 1836 2159 ἄστρα,
1889 2091 2101 2156 neque
2147 2091 2222 2135 ex
2264 2071 2393 2135 hoc
2435 2091 2566 2134 uno
2610 2067 2796 2145 libro,

591 2182 691 2243 cui
722 2180 977 2241 nimium
1009 2177 1263 2241 videtur
1290 2177 1664 2242 Brandisius
1693 2176 2011 2250 tribuisse,
2056 2198 2195 2240 cum
2224 2174 2464 2239 Brand.
2497 2182 2562 2237 et
2588 2169 2796 2235 Bekk.

588 2281 1024 2368 recipiendum
1069 2282 1216 2364 περὶ
1261 2273 1538 2367 ἄστρων.
1633 2282 1860 2366 Aptius
1904 2280 2069 2342 enim
2114 2281 2412 2366 graviora
2456 2274 2589 2352 illa,
2634 2295 2797 2359 quae

591 2384 1068 2448 admirationem
1130 2382 1476 2468 eademque
1520 2385 2075 2468 investigationem
2120 2391 2445 2457 moveant,
2503 2379 2659 2444 duas
2703 2377 2799 2441 di-

591 2486 987 2553 stribuentur
1028 2489 1094 2551 in
1140 2495 1352 2572 partes
1397 2485 1723 2571 particulis
1767 2508 1836 2550 τε
1871 2522 1958 2536 --
1992 2487 2105 2549 καὶ
2150 2496 2216 2549 et
2257 2487 2481 2548 iterata
2525 2501 2800 2569 praepo-

591 2594 829 2656 sitione
871 2592 1021 2676 περὶ
1056 2613 1194 2654 cum
1226 2593 1515 2676 genitivo
1548 2593 1886 2654 coniuncta
1917 2588 2324 2676 significatas,
2369 2609 2628 2674 quarum
2658 2606 2799 2672 par-

592 2698 747 2759 tium
777 2693 975 2757 altera
1015 2704 1309 2758 cernatur
1341 2696 1408 2758 in
1444 2693 1907 2771 affectionibus,
1954 2695 2018 2755 in
2055 2704 2232 2757 motu
2271 2713 2346 2755 ac
2383 2712 2568 2756 cursu
2606 2690 2799 2754 lunae

592 2796 750 2862 solis
795 2807 1152 2862 ceterorum
1198 2795 1499 2875 siderum,
1559 2796 1758 2862 altera
1811 2799 1876 2859 iu
1922 2796 2218 2860 universa
2262 2816 2470 2859 rerum
2518 2797 2795 2859 omnium

593 2905 1043 2989 generatione3
1087 2903 1292 2964 minus
1339 2912 1485 2987 apte
1532 2922 1605 2964 ex
1650 2902 1961 2985 scriptura
2007 2897 2151 2963 cod.
2196 2898 2285 2962 Ab
2323 2896 2588 2962 divellas
2634 2895 2799 2961 side-

594 3025 731 3068 rum
778 3004 1151 3067 affectiones
1199 3003 1278 3067 ab
1325 3001 1772 3068 affectionibus
1817 3001 2007 3065 lunae
2054 3011 2119 3065 et
2162 3002 2336 3080 solis,
2381 3012 2451 3066 ut
2483 3013 2611 3066 tres
2642 3003 2801 3066 exsi-

595 3115 766 3170 stant
809 3103 1154 3193 indagandi
1198 3128 1441 3185 causae,
1486 3128 1611 3171 una
1658 3109 1725 3169 in
1769 3103 1918 3169 luna
1964 3126 2040 3167 ac
2083 3105 2239 3183 sole,
2284 3104 2480 3170 altera
2524 3107 2591 3168 in
2634 3104 2802 3170 side-

594 3208 787 3286 ribus,
832 3212 1016 3273 tertia
1063 3211 1127 3272 in
1176 3213 1349 3274 omni
1392 3231 1601 3274 rerum
1646 3211 2081 3296 generatione.
2159 3208 2552 3294 Quamquam
2599 3207 2801 3272 confi-

597 3322 741 3376 teor
784 3315 970 3376 etiam
1017 3314 1082 3376 in
1126 3311 1401 3401 vulgata,
1446 3334 1631 3399 quam
1661 3314 1923 3390 restitui,
1968 3312 2266 3390 lectione,
2313 3333 2504 3400 aegre
2550 3333 2651 3376 me
2698 3334 2802 3375 ca-

596 3435 740 3479 rere
784 3414 1055 3480 articulo
1100 3426 1249 3483 ante
1292 3411 1538 3503 ἄστρα,
1584 3417 1722 3492 nisi,
1768 3415 1939 3501 quod
1985 3414 2303 3481 interdum
2346 3415 2599 3479 videtur
2639 3414 2802 3494 fieri,

596 3519 833 3606 prioris
886 3519 1183 3585 vocabuli
1241 3520 1598 3595 articulum,
1652 3511 1773 3582 τὸν
1815 3516 2032 3597 ἥλιον,
2091 3521 2276 3583 etiam
2324 3517 2406 3581 ad
2449 3520 2801 3604 proximum

598 3642 836 3687 nomen
879 3623 1100 3687 referri
1144 3635 1453 3710 putemus.
1546 3620 1884 3685 Alexandri
1941 3622 2006 3685 in
2060 3622 2481 3708 explicatione
2524 3620 2802 3686 siderum

598 3727 986 3789 mentionem
1020 3726 1255 3790 frustra
1295 3745 1580 3813 quaeras.
1616 3759 1691 3774 -
1735 3722 2033 3788 Eiusdem
2071 3725 2214 3790 libri
2243 3725 2333 3790 Ab
2367 3724 2579 3804 fidem,
2613 3746 2800 3811 quam

601 3829 726 3893 boc
770 3827 918 3892 loco
956 3828 1371 3915 spernendam
1407 3830 1642 3914 putavi,
1686 3830 1987 3913 proximis
2019 3830 2082 3893 in
2115 3829 2328 3894 verbis
2358 3839 2615 3893 secutus
2647 3850 2803 3908 sum,

601 3930 775 4018 quod
818 3935 1052 3996 reiecta
1100 3935 1376 3998 omnium
1424 3944 1489 3996 et
1533 3930 1883 3996 editionum
1933 3941 2024 4011 et,
2068 3944 2140 3998 ut
2181 3932 2462 4010 videtur,
2510 3930 2802 3997 codicum

602 4033 880 4099 lectione
939 4030 1041 4100 διὸ
1092 4037 1204 4101 καὶ
1249 4031 1635 4124 φιλόμυθος
1679 4030 1714 4098 ὁ
1764 4030 2138 4123 φιλόσοφός
2179 4030 2315 4111 πώς
2357 4040 2535 4101 ἐστιν
2577 4036 2801 4121 scripsi

604 4160 743 4203 cum
777 4136 1136 4202 Alexandro
1174 4161 1238 4224 p.
1271 4140 1371 4216 14,
1416 4140 1504 4202 26
1549 4140 1940 4223 transposito
1987 4136 2255 4204 articulo
2302 4132 2406 4203 διὸ
2450 4140 2562 4203 καὶ
2607 4136 2642 4203 ὁ
2687 4162 2803 4228 φι-

602 4236 907 4325 λόμυθος
948 4235 1323 4329 φιλόσοφός
1362 4236 1498 4316 πώς
1541 4244 1736 4305 ἐστιν.
1824 4240 2033 4305 Habet
2088 4262 2242 4306 sane
2299 4240 2555 4328 vulgata
2603 4240 2800 4306 lectio

605 4343 896 4429 aliquam.
910 4344 1519 4409 commendationem
1552 4360 1629 4407 ex
1662 4344 1958 4431 Asclepio
1989 4368 2050 4430 p.
2084 4348 2231 4425 529,
2263 4346 2552 4424 12-23,
2592 4366 2805 4429 quam-

604 4449 699 4513 vis
744 4446 849 4511 bic
889 4451 957 4512 in
1004 4469 1077 4513 ea
1124 4445 1493 4535 explicanda
1552 4447 1781 4513 frustra
1839 4447 2139 4513 laborans
2194 4457 2499 4536 nugetur,
2553 4459 2619 4514 et
2663 4448 2803 4513 obi·-
