3109 5175
1087 367 1096 374 ’
1145 364 1220 435 Γ
1253 360 1326 434 2.
1407 359 1682 436 1005α.
2377 355 2514 439 183

303 561 486 607 scere
529 541 653 604 iam
699 536 1093 604 demonstrat
1137 536 1423 604 adhibita
1466 540 1932 604 contrarietatis
1976 540 2274 618 notione,
2330 561 2514 626 quam

302 645 650 712 subiectam
697 665 838 708 esse
882 641 964 706 ad
1012 642 1531 731 cognoscendum
1576 641 2020 731 philosophiae
2065 652 2131 708 et
2170 664 2360 730 supra
2404 642 2513 709 de·

300 751 682 815 monstravit
719 748 929 813 1o04a
958 748 1259 826 10-20,
1306 757 1371 812 et
1410 767 1587 813 nunc
1628 744 1934 812 lectorem
1980 754 2202 812 monet
2242 746 2338 809 his
2373 767 2513 811 ver-

299 855 400 920 bis
439 854 571 919 τῶν
606 852 924 917 ἐναντίων
960 847 1005 930 ἡ
1044 851 1236 938 ἑτέρα
1270 853 1613 936 συστοιχία
1650 851 1768 933 (cf.
1802 850 1996 935 Phys.
2026 851 2117 915 111
2146 852 2207 914 2.
2238 849 2403 915 201⁶
2424 851 2513 917 25

301 968 368 1023 et
412 956 495 1021 ad
538 957 611 1022 A
656 956 717 1021 5.
764 956 934 1020 986«
972 956 1103 1033 23)
1149 958 1467 1039 στέρησις.
1552 956 1683 1020 Iam
1728 975 1886 1020 vero
1934 955 2103 1020 entia
2151 956 2361 1020 omnia
2407 953 2513 1018 vel

301 1063 627 1126 contraria
671 1062 810 1145 ipsa
857 1068 1008 1124 sunt
1051 1056 1156 1122 vel
1200 1061 1542 1146 progenita
1583 1079 1621 1122 e
1656 1063 2007 1138 contrariis,
2051 1061 2514 1124 contrariorum

303 1177 519 1231 autem
567 1165 876 1249 principia
934 1172 1083 1228 sunt
1134 1165 1341 1226 unitas
1388 1172 1454 1226 et
1494 1161 1866 1238 multitud03
1926 1183 2083 1250 ergo
2143 1184 2306 1248 quae
2357 1162 2517 1227 haec

301 1270 620 1334 contraria
668 1266 1138 1353 contemplatur
1179 1265 1615 1352 philosophia,
1662 1266 1883 1332 eadem
1926 1283 2029 1332 res
2076 1287 2297 1332 omnes
2341 1269 2517 1332 inve-

300 1376 515 1461 stigat.
573 1406 661 1419 —
718 1371 954 1438 Omnia
1012 1380 1219 1436 autem
1279 1391 1316 1435 e
1378 1374 1715 1436 contrariis
1773 1369 2073 1450 derivari,
2134 1373 2515 1436 auctoritate

299 1476 639 1566 confirmat
680 1474 1214 1562 philosophorum
1260 1481 1574 1553 veterum,
1632 1471 1747 1562 qui'
1796 1478 2107 1563 principia
2162 1483 2518 1562 posuerunt

300 1583 471 1646 inter
511 1601 584 1645 se
631 1582 967 1657 contraria,
1011 1578 1118 1644 alii
1160 1599 1277 1664 par
1321 1587 1387 1642 et
1428 1580 1647 1665 impar,
1693 1588 1765 1644 ut
1807 1578 2218 1666 Pythagorei,
2263 1577 2369 1644 alii
2415 1599 2517 1641 ea-

306 1683 505 1750 lidum
554 1694 619 1750 et
659 1682 988 1771 frigidum,
1040 1691 1112 1748 ut
1153 1680 1564 1748 Parmenides
1609 1686 1680 1749 ἐν
1720 1689 1862 1758 τοῖς
1902 1676 2071 1769 πρὸς
2114 1676 2349 1761 δόξαν,
2405 1680 2515 1748 alii

305 1788 502 1854 finem
551 1798 614 1852 et
657 1786 990 1865 infinitum,
1032 1796 1106 1853 ut
1147 1785 1464 1854 Platonici
1510 1786 1667 1867 (hos
1716 1789 1898 1864 enim,
1942 1795 2014 1852 ut
2058 1786 2167 1870 qui
2211 1807 2403 1851 unum
2450 1794 2519 1850 et

301 1893 613 1958 infinitam
672 1889 1041 1958 dualitatem
1098 1892 1433 1976 posuerint
1487 1893 1552 1956 in
1608 1892 1970 1976 principiis,
2025 1887 2373 1977 significari
2432 1887 2513 1952 ab

306 1995 683 2074 Aristotele,
725 2015 862 2060 non
906 1993 1388 2082 Pythagoreos,
1433 1996 1539 2079 qui
1585 1992 1810 2058 iisdem
1855 2013 2009 2057 sane
2054 1991 2268 2057 verbis
2313 1990 2516 2056 deno-

306 2103 423 2164 tari
468 2109 793 2185 poterant,
850 2109 1193 2186 propterea
1242 2096 1606 2166 Alexandro
1660 2097 2003 2174 assentior,
2061 2094 2235 2181 quod
2280 2095 2515 2180 Pytha-

304 2205 492 2291 gorei
536 2205 810 2289 apertius
853 2205 976 2268 iam
1023 2212 1210 2267 antea
1255 2202 1566 2267 nominati
1617 2210 1797 2278 sunt,
1856 2201 1920 2264 οὶ
1963 2199 2085 2283 μὲν
2125 2193 2254 2284 γὰρ
2294 2219 2515 2285 περιτ-

302 2303 422 2372 τὸν
465 2308 579 2372 καὶ
621 2299 923 2393 ἄρτιον),
983 2306 1092 2371 alii
1140 2304 1445 2393 denique,
1504 2314 1579 2371 ut
1623 2301 2074 2391 Empedocles,
2119 2323 2395 2368 amorem
2448 2312 2516 2367 et

303 2412 801 2477 contentionem.
885 2412 1202 2476 Revocari
1247 2419 1456 2476 autem
1503 2411 1822 2475 contraria
1868 2410 2078 2476 omnia
2123 2405 2202 2471 ad
2248 2409 2513 2493 primam

303 2538 380 2581 ae
421 2536 721 2581 summam
766 2515 1023 2580 unitatis
1071 2523 1136 2580 et
1179 2512 1600 2580 multitudinis
1653 2515 2162 2579 contrarietatem
2207 2507 2361 2575 alibi
2405 2508 2517 2575 dea

304 2629 718 2686 monstratum
764 2617 919 2683 dicit
963 2618 1042 2682 cf.
1088 2617 1169 2701 ad
1215 2621 1338 2695 a1;
1399 2628 1463 2683 et
1518 2641 1710 2704 quum
1761 2620 1976 2683 omnia
2020 2615 2104 2681 ad
2146 2614 2315 2680 illam
2361 2635 2513 2678 con-

305 2725 692 2790 trarietatem
737 2722 1127 2801 referuntur,
1184 2733 1315 2790 tum
1358 2725 1625 2789 maxime
1671 2718 1827 2804 (καὶ
1865 2720 2239 2801 παντελῶς)
2282 2720 2513 2805 prinei-

304 2830 412 2916 pia
459 2849 494 2891 a
540 2825 975 2913 superioribus
1021 2825 1421 2912 philosophis
1464 2830 1698 2913 posita.
1736 2864 1824 2876 —-
1871 2825 2166 2903 1005a6,
2201 2826 2285 2888 10
2324 2821 2515 2899 ἴσως

304 2932 388 2997 cf.
426 2930 507 2997 ad
537 2931 610 2995 A
640 2933 700 2996 5.
730 2933 900 2997 987⁶
922 2932 1030 2995 26.
1065 2967 1147 2981 --
1185 2932 1273 2995 a7
1321 2924 1524 3018 πρὸς
1566 2923 1657 2995 τὸ
1698 2928 2024 3017 πρῶτον
2069 2964 2147 2979 -
2187 2922 2509 3011 ὁμοίως.

304 3037 384 3103 cl'.
434 3037 642 3101 10040
678 3036 988 3101 25-31,

439 3140 720 3206 1005a8
762 3140 900 3207 καὶ
945 3133 1081 3203 διὰ
1128 3177 1208 3191 -
1259 3142 1344 3206 13
1389 3136 1471 3218 ἐξ
1512 3135 2012 3213 ὑποθέσεως.
2092 3135 2276 3199 Licet
2319 3152 2518 3199 unum

307 3254 373 3309 et
432 3266 545 3309 ens
602 3264 725 3307 nec
779 3264 1014 3329 genera
1077 3247 1205 3309 sint
1246 3265 1455 3309 rerum
1497 3264 1623 3310 nec
1664 3243 1930 3307 seorsim
1977 3261 2053 3304 ac
2093 3261 2213 3325 per
2255 3260 2326 3303 se
2370 3258 2513 3304 esse

305 3351 588 3435 possint,
632 3347 711 3411 cf.
756 3346 825 3413 B
868 3348 931 3412 3.
972 3350 1135 3415 9981»
1164 3349 1253 3413 22
1297 3367 1431 3432 sqq.
1487 3348 1550 3411 4.
1598 3344 1805 3411 loola
1840 3346 1884 3409 3
1929 3364 2093 3430 sqq„
2137 3353 2347 3407 tamen
2388 3345 2513 3406 iam

306 3462 650 3539 propterea
711 3452 887 3532 (καὶ
939 3444 1052 3516 διὰ
1094 3453 1291 3516 τοῦτο
1331 3450 1541 3528 all),
1598 3450 1741 3533 quia
1801 3445 2108 3533 quidquid
2165 3456 2266 3511 est
2317 3466 2513 3511 unum

305 3555 414 3622 vel
460 3577 606 3632 ens,
665 3553 746 3619 ad
802 3553 971 3621 idem
1023 3554 1299 3621 refertur
1340 3552 1444 3618 vel
1487 3550 1570 3616 ab
1617 3550 1844 3617 eodem
1889 3572 2008 3636 per
2049 3552 2277 3617 seriem
2321 3570 2516 3634 quan-

310 3660 452 3729 dam
510 3662 823 3747 repetitur
875 3652 1004 3740 (τὰ
1061 3659 1133 3725 δὲ
1187 3659 1281 3741 τῷ
1330 3653 1635 3748 ἑφεξῆς),
1695 3676 1768 3721 ea
1826 3657 2037 3719 omnia
2093 3649 2514 3738 contemplari

308 3764 752 3852 philosophiae
798 3774 912 3842 est,
957 3785 1034 3829 ac
1075 3782 1212 3828 non
1257 3761 1416 3828 alius
1464 3762 1632 3837 artis,
1676 3757 1875 3824 veluti
1910 3759 2318 3846 geometriae.
2387 3757 2513 3820 Re-

310 3868 520 3955 liquae
577 3871 744 3935 enim
803 3875 999 3947 artes,
1069 3866 1267 3933 veluti
1324 3868 1705 3954 geometria,
1774 3884 1963 3950 quum
2023 3871 2266 3947 partem
2319 3880 2515 3946 quan-

309 3972 449 4039 dam
497 3976 662 4039 entis
708 3974 897 4037 certis
943 3970 1182 4037 finibus
1218 3972 1752 4055 circumscriptam
1793 3965 2318 4053 contemplantur,
2359 3964 2429 4027 E
2450 3965 2511 4030 1.

313 4079 512 4145 w2512
553 4079 623 4156 7,
681 4078 869 4142 etiam
927 4074 1035 4141 ubi
1097 4074 1350 4143 easdem
1406 4076 1711 4140 notiones
1765 4094 1843 4136 ac
1882 4072 2363 4158 propositiones
2403 4064 2515 4130 vel

309 4180 614 4247 adhibent
656 4178 762 4245 vel
806 4183 1195 4269 investigant
1229 4203 1307 4245 ac
1341 4178 1766 4269 philosophia,
1808 4177 1937 4241 hoc
1970 4175 2213 4240 faciunt
2246 4169 2316 4251 ἐξ
2346 4166 2514 4234 ὑπο-

308 4285 563 4359 θέσεως
595 4285 762 4363 ⁶13,
817 4285 877 4349 h.
916 4306 969 4350 e.
1017 4294 1280 4351 eatenus
1327 4305 1436 4350 eas
1478 4284 1835 4368 inquirunt,
1893 4288 2205 4365 quatenus
2254 4274 2334 4340 ad
2377 4294 2514 4340 rem

309 4390 384 4451 iis
428 4388 777 4453 subiectam
824 4383 942 4469 (τὸ
987 4386 1430 4471 ὑποκείμενον,
1474 4389 1612 4453 sive
1650 4379 1728 4451 τὸ
1760 4383 2133 4463 ὑποτεθέν)
2173 4382 2514 4470 pertinent.

311 4489 416 4561 Cf.
463 4491 546 4557 de
591 4511 733 4556 voc.
777 4488 1100 4570 ὑπόθεσις
1143 4492 1372 4557 Waitz
1414 4490 1579 4578 Org.
1626 4490 1674 4556 1.
1718 4512 1781 4575 p.
1813 4489 1939 4554 427
1988 4477 2125 4573 sqq.
