3109 5175
1162 396 1240 464 Z
1278 391 1347 465 3.
1430 389 1703 465 102812.
2385 392 2535 468 299

332 565 745 653 opinionibus
801 563 1075 646 orffltur,
1132 576 1206 631 ut
1259 566 1410 633 inde
1466 578 1921 656 cognoscatur,
1978 569 2085 634 ubi
2141 574 2533 656 potissimum

330 670 724 735 substantiae
763 680 988 735 natura
1031 670 1417 736 invenienda
1463 692 1607 737 esse
1650 672 1959 739 videatur.
2048 673 2154 751 Et,
2199 675 2318 738 nisi
2363 674 2535 740 forte

299 772 532 861 plura,
578 784 852 860 quatuor
894 783 1066 840 certe
1107 778 1502 861 potissimum
1550 797 1690 841 esse
1735 775 1904 855 dicit,
1957 798 2119 862 quae
2160 797 2281 863 pro
2329 777 2535 842 diver·

331 881 420 944 sis
464 878 992 965 philosophorum
1038 882 1366 945 sententiis
1416 878 1810 945 substantiae
1854 883 1979 944 vim
2025 880 2147 945 sibi
2190 880 2536 959 vindicent,

330 976 410 1046 τὸ
444 984 512 1046 τί
547 972 632 1061 ἦν
670 978 852 1059 εἶναι,
888 976 967 1047 τὸ
999 979 1326 1060 καθόλου,
1367 977 1444 1048 τό
1480 986 1683 1066 γένος,
1726 979 1805 1048 τὸ
1839 980 2283 1067 ὑποκείμενου.
2353 983 2537 1067 Quo-

330 1107 469 1149 rum
527 1088 795 1172 primum
852 1085 1104 1170 quidem
1160 1095 1226 1150 et
1283 1095 1621 1150 extremum
1679 1089 1960 1172 proxima
2004 1090 2209 1150 statim
2257 1086 2535 1174 disputa-

332 1193 510 1253 tione
548 1192 809 1263 excutit3
855 1210 1019 1275 quae
1062 1199 1272 1254 autem
1317 1188 1447 1254 duo
1495 1188 1708 1253 medio
1755 1188 1904 1254 loco
1951 1194 2183 1276 posuit,
2226 1185 2305 1255 τὸ
2349 1198 2539 1274 γένος

335 1302 402 1357 et
442 1289 520 1357 τὸ
563 1289 887 1370 καθόλου,
933 1313 1008 1357 ea
1055 1302 1121 1357 et
1163 1303 1390 1378 suapte
1433 1303 1661 1357 natura
1707 1292 1873 1358 adeo
1918 1304 2069 1358 sunt
2113 1294 2420 1372 confinia,
2467 1307 2538 1361 ut

333 1396 761 1483 quaerendum
807 1400 904 1476 sit,
950 1396 1100 1482 quid
1145 1395 1520 1462 discriminis
1565 1400 1732 1461 inter
1768 1418 1842 1460 ea
1874 1406 2111 1461 statuat
2143 1398 2534 1462 Aristoteles.

333 1499 496 1565 Sunt
540 1503 705 1565 enim
752 1500 878 1565 loci
925 1499 1094 1564 haud
1136 1503 1321 1586 pauci
1366 1498 1537 1585 apud
1585 1498 2023 1579 Aristotelem,
2077 1501 2305 1585 quibus
2350 1499 2537 1565 facile

334 1602 672 1669 adducaris
728 1615 801 1669 nt
857 1625 1000 1669 eum
1057 1602 1279 1667 credas
1339 1606 1602 1668 omnino
1650 1625 1784 1669 non
1829 1604 2187 1668 distinxisse
2230 1596 2308 1667 τὸ
2350 1611 2541 1686 γένος

335 1718 402 1773 et
440 1703 518 1772 τὸ
563 1703 886 1773 καθόλου.
977 1706 1199 1771 Veluti
1253 1706 1380 1771 hoc
1419 1706 1570 1772 loco
1614 1712 1681 1772 in
1727 1710 2043 1794 principio
2090 1706 2539 1792 disputationis

335 1811 417 1876 de
474 1811 823 1877 substantia
879 1808 1308 1876 instituendae
1365 1820 1638 1896 quatuor
1699 1835 1769 1878 se
1829 1809 2334 1898 significationes
2392 1811 2539 1875 sub-

335 1919 606 1980 stantiae
646 1917 1135 2000 perquisiturum
1182 1913 1361 1989 dicit;
1420 1914 1538 1979 sub
1598 1915 1792 1980 finem
1840 1924 2044 1978 autem
2092 1912 2539 1998 disputationis

336 2040 473 2105 cap.
507 2019 592 2083 13
636 2021 769 2081 init.
815 2019 1189 2082 transiturus
1234 2015 1314 2081 ad
1361 2011 1438 2081 τὸ
1483 2015 1807 2096 καθόλου,
1853 2017 2020 2096 dicit,
2066 2018 2363 2102 quoniam
2405 2015 2539 2081 duo

335 2126 463 2189 sint
504 2131 900 2210 pertractata,
944 2116 1021 2187 τὸ
1064 2119 1490 2207 ὑποκείμενον
1536 2130 1602 2185 et
1642 2115 1720 2185 τὸ
1766 2123 1831 2185 τί
1879 2111 1959 2200 ἦν
2003 2117 2184 2195 εἶναι,
2227 2117 2543 2202 reliquum

339 2221 600 2293 esse‘to
645 2220 981 2303 καθόλου,
1037 2234 1110 2289 ut
1150 2227 1289 2310 ipse
1334 2229 1552 2290 testari
1597 2223 1888 2289 videatur
1928 2243 2064 2289 non
2111 2242 2251 2287 esse
2296 2243 2369 2286 ex
2415 2242 2539 2287 suo

335 2331 574 2397 iudicio
621 2330 911 2394 distincta
957 2323 1035 2394 τὸ
1079 2333 1266 2412 γένος
1311 2339 1377 2393 et
1417 2322 1495 2394 τὸ
1539 2324 1866 2393 καθόλου.
1934 2328 2094 2393 Aliis
2130 2325 2290 2391 locis
2327 2348 2365 2390 a
2394 2347 2540 2392 voc.

335 2439 524 2519 γένος
569 2432 648 2498 ad
693 2429 1001 2498 καθόλου
1032 2443 1100 2497 et
1126 2436 1400 2498 vicissim
1439 2454 1474 2496 a
1509 2427 1818 2497 καθόλου
1852 2432 1931 2496 ad
1966 2435 2154 2515 γένος
2182 2434 2269 2495 ita
2297 2434 2541 2510 transit,

337 2549 409 2605 ut
453 2537 606 2604 nihil
654 2540 821 2604 inter
863 2547 1193 2624 utrumque
1239 2537 1618 2603 discriminis
1664 2534 2058 2601 intercedere
2100 2534 2412 2613 videatur,
2459 2535 2540 2601 cf.

337 2644 407 2709 Β
432 2645 494 2709 3.
524 2643 686 2709 998ῠ
715 2644 824 2706 14ε
870 2636 1035 2728 πρὸς
1075 2642 1144 2707 δὲ
1185 2638 1444 2717 τούτοις
1485 2646 1539 2706 εὶ
1582 2643 1691 2706 καὶ
1734 2636 1839 2704 ὅτι
1879 2635 2169 2723 μάλιστα
2215 2635 2414 2723 ἀρχαὶ
2456 2633 2542 2703 τὰ

337 2750 532 2832 γένη
579 2746 720 2823 εἰσί,
764 2740 1047 2829 πότερον
1092 2746 1191 2809 δεῖ
1233 2744 1518 2827 νομίζειν
1564 2739 1649 2809 τοὶ
1687 2744 1915 2829 πρῶτα
1949 2745 2081 2807 τῶν
2124 2743 2377 2825 γενῶν
2420 2738 2541 2826 ἀρ·

332 2845 462 2935 χὰς
505 2845 550 2929 ἢ
591 2844 678 2914 τοὶ
721 2850 965 2932 ἔσχατα
1007 2843 1546 2939 κατηγορούμενα
1592 2848 1698 2911 ἐπὶ
1741 2849 1871 2910 τῶν
1913 2841 2214 2929 ἀτόμων,-
2258 2848 2369 2910 καὶ
2411 2840 2541 2930 γὰρ

337 2954 535 3019 τοῦτο
566 2954 693 3037 ἔχει
722 2945 1237 3038 ἀμφισβήτησιν.
1299 2957 1351 3017 sl
1385 2953 1503 3034 μὲν
1536 2947 1666 3034 γὰρ
1703 2948 1805 3013 ἀεὶ
1838 2944 1925 3013 τὰ
1957 2945 2337 3013 καθόλου
2369 2948 2544 3032 μᾶλ-

340 3057 460 3121 λον
493 3054 711 3141 ἀρχαί,
751 3048 1047 3145 φανερὸν
1079 3050 1184 3120 ὅτι
1215 3050 1300 3121 τοὶ
1337 3049 1652 3120 ἀνωτάτω
1686 3056 1815 3119 τῶν
1851 3053 2134 3136 γενῶν·
2170 3052 2377 3115 ταῦτα
2411 3045 2541 3135 γὰρ

340 3161 597 3244 λέγεται
638 3153 810 3224 κατὰ
854 3154 1121 3224 πάντων
1163 3162 1297 3224 κτλ.
1387 3159 1516 3224 Sed
1576 3156 1724 3221 licet
1780 3156 1876 3221 his
1926 3156 2191 3240 aliisque
2235 3154 2541 3219 similibus

341 3263 501 3329 locis
560 3262 641 3327 ad
698 3261 968 3348 aliquam
1027 3267 1308 3328 veritatis
1365 3266 1641 3349 speciem
1699 3259 1926 3325 adduci
1979 3261 2213 3346 possit,
2270 3278 2404 3322 non
2449 3257 2545 3321 di-

340 3369 577 3454 stingui
623 3366 702 3430 ab
751 3365 1097 3431 Aristotele
1139 3361 1217 3431 τὰ
1261 3361 1570 3430 καθόλου
1614 3374 1679 3428 et
1723 3361 1798 3427 τὸ
1842 3366 2057 3446 γένος,
2101 3383 2222 3426 nec
2265 3381 2542 3448 usquam,

341 3482 643 3559 quantum
699 3471 983 3548 memini,
1040 3471 1178 3555 ipse
1225 3468 1603 3533 Aristoteles
1661 3466 1895 3531 diserte
1943 3467 2158 3530 harum
2207 3468 2543 3529 notionum

340 3574 505 3640 fines
550 3572 885 3651 describat,
930 3582 1151 3658 potest
1193 3582 1421 3649 tamen,
1468 3573 1521 3636 si
1569 3572 1771 3635 acrius
1808 3568 2259 3633 attenderimus
2292 3567 2369 3631 ad
2404 3587 2545 3631 sen-

340 3680 600 3742 tentiam
632 3676 1014 3763 philosophi,
1059 3675 1212 3761 qnid
1256 3685 1489 3740 statuat
1535 3674 1909 3738 discriminis
1957 3674 2281 3760 cognosci.
2347 3672 2547 3736 Nimi-

341 3802 480 3846 rum
525 3775 832 3847 καθόλου
878 3790 992 3857 est,
1036 3778 1212 3864 quod
1258 3783 1396 3865 ipsa
1443 3778 1638 3843 docet
1673 3776 1969 3841 vocabuli
2010 3780 2213 3864 origo,
2256 3769 2334 3839 τὸ
2374 3766 2545 3838 κατὰ

341 3887 466 3950 τοῦ
506 3880 666 3950 ὅλου
707 3878 1298 3971 κατηγορούμενον,
1345 3883 1423 3951 cf.
1466 3884 1584 3948 An.
1620 3891 1785 3969 post.
1833 3879 1864 3944 1
1910 3882 1969 3945 4.
2016 3882 2131 3945 73⁶
2168 3881 2282 3944 26:
2326 3873 2548 3943 καθό-

343 3989 462 4054 λου
518 3988 590 4053 δὲ
646 3988 810 4070 λέγω
867 3981 906 4050 ὃ
964 3981 1050 4052 ἂν
1100 3982 1272 4052 κατὰ
1318 3981 1569 4062 παντός
1608 4008 1679 4050 τε
1722 3979 1979 4074 ὑπάρχῃ
2022 3987 2131 4048 καὶ
2176 3980 2343 4048 καθ’
2383 3979 2548 4047 αὑτὸ

341 4093 456 4156 καὶ
493 4081 536 4182 ᾖ
581 4085 762 4167 αὐτό,
808 4090 889 4156 cf.
933 4112 1096 4176 quae
1143 4091 1408 4179 collegit
1436 4091 1664 4154 Waitz
1695 4090 1857 4177 Org.
1904 4089 1950 4153 1.
2001 4091 2122 4155 170
2158 4090 2263 4154 39.
2345 4085 2549 4173 Quid·

343 4193 495 4282 quid
537 4198 734 4281 igitur
778 4194 864 4260 de
904 4194 1113 4281 aliqua
1159 4200 1430 4261 notione
1485 4198 1574 4259 ita
1631 4193 2061 4280 praedicatur,
2117 4203 2189 4256 ut
2243 4213 2376 4256 non
2435 4192 2548 4255 uni

342 4299 447 4365 vel
477 4297 852 4385 quibusdam
882 4298 1090 4375 rebus,
1136 4320 1292 4384 quas
1332 4298 1441 4363 illa
1475 4298 1918 4384 complectitur
1952 4302 2152 4373 notio,
2198 4294 2314 4360 sed
2350 4296 2549 4358 omni-

340 4403 459 4468 bns
501 4406 746 4490 pariter
778 4401 1179 4469 tribuendum
1217 4423 1358 4467 esse
1393 4414 1740 4481 censeatur,
1784 4400 1850 4465 id
1882 4412 1979 4466 est
2006 4395 2329 4465 καθόλου.
2388 4397 2548 4463 Inde

338 4506 417 4572 fit
460 4518 552 4587 ut,
599 4506 903 4595 quidquid
949 4517 1046 4572 est
1086 4510 1292 4591 γένος,
1336 4505 1504 4571 idem
1553 4507 1913 4571 necessario
1960 4507 2042 4569 sit
2082 4498 2420 4581 καθόλου,
2464 4500 2542 4565 cf.
