3109 5175
567 360 714 437 428
1415 367 1461 435 I
1500 360 1571 436 3.
1653 360 1922 436 105411.

567 540 906 605 cinationis
948 536 1341 627 intelligitur,
1381 536 1542 604 illud
1578 533 1784 605 ταύτό
1824 561 1891 603 τι
1930 526 1986 622 ᾧ
2029 538 2456 628 διαφέρουσιν
2498 534 2773 603 eandem

568 642 929 731 significare
986 641 1554 729 praedicationem,
1612 645 1714 708 cui
1761 663 1865 720 ea,
1923 640 2149 727 quibus
2204 662 2307 706 res
2349 644 2519 706 inter
2560 662 2633 706 se
2678 640 2776 707 di-

566 767 791 811 versae
838 744 1165 824 differunt,
1221 744 1658 812 subiiciuntur.
1748 746 1856 810 Ait
1899 747 2093 811 enim:
2146 743 2308 810 illud
2348 744 2551 824 idem,
2596 744 2778 831 quod

566 849 648 915 ad
693 848 1123 914 diversitatem
1167 852 1530 916 necessario
1576 852 1932 935 requiritur,
1975 859 2084 914 aut
2126 869 2330 938 genus
2366 858 2465 913 ea
2492 858 2603 914 aut
2631 869 2779 934 spe-

568 957 729 1031 eies;
787 952 1080 1019 divorsae
1137 956 1301 1019 enim
1360 976 1463 1019 res
1520 964 1632 1018 aut
1674 973 1915 1040 genere
1958 963 2108 1018 sunt
2149 962 2260 1018 aut
2302 955 2520 1039 specie
2564 950 2775 1017 diver·

566 1079 696 1122 sae.
785 1057 997 1142 Atque
1044 1078 1118 1121 ex
1162 1057 1257 1122 his
1303 1056 1516 1122 verbis
1565 1067 1858 1143 apparet,
1912 1077 2050 1120 non
2092 1059 2159 1122 in
2203 1059 2283 1121 iis
2326 1056 2549 1135 rebus,
2609 1078 2776 1142 quae

567 1162 782 1247 specie
811 1159 1101 1226 diversae
1129 1170 1293 1240 sunt,
1336 1182 1543 1248 genus
1591 1159 1715 1225 dici
1762 1152 1965 1224 ταυτό
2007 1148 2063 1242 ᾦ
2104 1160 2509 1248 διαφέρουσι,
2554 1159 2669 1225 sed
2703 1163 2777 1225 in

567 1267 643 1328 iis
686 1267 871 1351 ipsis,
928 1286 1090 1350 quae
1147 1267 1404 1351 generis
1450 1262 1819 1328 diversitate
1865 1261 2156 1327 diversae
2198 1278 2377 1339 suan
2433 1266 2584 1329 item
2628 1285 2779 1349 spe-

568 1370 727 1432 eiem
773 1367 899 1432 dici
940 1366 1101 1432 illud
1144 1365 1315 1431 idem
1359 1387 1490 1451 quo
1536 1365 1842 1431 differant
1894 1367 1973 1430 iis
2018 1369 2174 1453 ipsis
2218 1369 2286 1431 in
2330 1367 2549 1444 rebus,
2606 1388 2774 1452 quae

568 1473 804 1557 speciei
847 1470 1210 1535 diversitate
1254 1468 1544 1535 diversae
1573 1480 1739 1535 sunt.
1809 1469 2164 1534 Nimirum
2146 1472 2225 1535 iis
2256 1472 2325 1534 in
2351 1468 2563 1549 rebus,
2606 1492 2776 1556 quae

566 1595 810 1663 genere
847 1573 1138 1640 diversae
1173 1584 1338 1653 sunt,
1384 1585 1663 1639 eatenus
1692 1593 1896 1661 genus
1943 1583 2044 1638 est
2085 1569 2288 1640 ταύτό
2330 1597 2397 1639 τι
2436 1564 2493 1658 ᾧ
2538 1574 2776 1665 διαφέ-

568 1698 812 1765 ρουσιν,
855 1688 1171 1764 quatenus
1215 1699 1349 1743 non
1392 1678 1551 1742 haec
1596 1675 1678 1741 ab
1726 1675 1833 1741 illa
1882 1698 2138 1764 genere,
2183 1667 2293 1743 illa
2339 1676 2420 1742 ab
2464 1678 2583 1741 hae
2627 1699 2775 1765 spe·

569 1783 667 1845 oie
713 1780 1139 1869 distinguitur,
1180 1780 1295 1846 sed
1332 1778 1806 1867 utrique'simul
1843 1801 1918 1869 ae
1949 1785 2187 1867 pariter
2218 1802 2424 1870 genus
2455 1792 2553 1846 est
2581 1803 2775 1847 causa

569 1882 980 1961 diversitatis;
1016 1888 1168 1950 item
1203 1888 1281 1950 iis
1318 1887 1387 1949 in
1420 1885 1630 1963 rebus,
1667 1905 1829 1970 quae
1866 1888 2077 1971 specie
2108 1884 2395 1951 diversae
2426 1896 2589 1963 sunt,
2626 1906 2776 1970 spe-

569 1991 700 2053 cies
742 1991 828 2054 ita
875 1999 974 2055 est
1016 1988 1184 2054 idem
1227 1988 1389 2055 illud
1434 2011 1563 2076 quo
1609 1988 1935 2067 differant,
1995 1999 2069 2055 ut
2119 1999 2256 2054 non
2311 1988 2473 2053 haec
2527 1987 2609 2054 ab
2661 1988 2772 2053 illa

568 2095 782 2179 specie
825 2092 936 2159 illa
983 2092 1063 2158 ab
1111 2095 1230 2159 hae
1272 2097 1409 2158 sive
1450 2113 1693 2182 genere
1737 2096 1873 2157 sive
1914 2095 2175 2157 materia
2222 2095 2609 2180 seiungatur,
2653 2091 2773 2158 sed

569 2194 770 2261 altera
813 2199 1051 2283 pariter
1095 2197 1174 2262 ab
1221 2197 1417 2263 altera
1463 2199 1703 2283 speciei
1746 2196 2115 2263 diversitate
2158 2199 2547 2285 seiuugatur.

700 2300 879 2365 Haec
910 2322 1094 2387 quam
1129 2303 1439 2388 proposui
1476 2290 1832 2386 explicandi
1866 2304 2032 2367 ratio
2063 2304 2214 2366 satis
2244 2299 2547 2386 perplexa
2578 2322 2772 2385 quum

568 2421 696 2466 una
741 2424 880 2468 esse
926 2403 1244 2483 videatur,
1300 2403 1471 2469 unde
1527 2402 1611 2468 ad
1669 2402 2066 2489 probabilem
2124 2416 2189 2469 et
2232 2408 2399 2469 inter
2442 2426 2515 2470 se
2560 2408 2774 2470 conci-

569 2516 826 2572 nentem
865 2508 1203 2574 verborum
1236 2510 1614 2573 sententiam
1648 2511 2105 2595 perveniamus,
2150 2529 2282 2574 non
2317 2507 2601 2574 dubitavi
2631 2530 2772 2574 eam

568 2609 912 2679 lectionem
954 2616 1022 2677 in
1067 2622 1302 2679 textum
1344 2616 1635 2700 recipere
1666 2634 1846 2699 quam
1881 2612 2302 2680 Alexandrum
2332 2613 2631 2679 habuisse
2662 2636 2773 2700 ap-

568 2725 755 2801 paret
790 2719 951 2783 ⁶27:
994 2718 1192 2783 τοῦτο
1236 2718 1306 2782 δὲ
1350 2709 1426 2781 τὸ
1470 2711 1674 2783 ταύτὸ
1719 2710 1765 2798 ἢ
1804 2722 1993 2802 γένος
2025 2712 2070 2798 ἢ
2107 2715 2295 2793 εἶδος.
2367 2716 2566 2802 Quod
2602 2723 2770 2784 enim

569 2818 771 2908 vulgo
803 2819 1132 2887 exhibetur
1162 2842 1235 2886 ex
1265 2824 1643 2887 auctoritate
1668 2821 1973 2888 librorum
2001 2842 2208 2907 prope
2236 2824 2539 2886 omnium:
2572 2824 2771 2888 τοῦτο

571 2922 642 2989 δὲ
684 2919 762 2989 w*
809 2919 974 2991 αὐτὸ
1017 2929 1205 3009 γένος
1249 2916 1294 3004 ἢ
1337 2922 1523 3004 εἶδος,
1571 2946 1822 2992 omnem
1868 2929 2320 2991 sententiarum
2367 2946 2592 2991 nexum
2629 2946 2772 3011 per-

569 3027 798 3094 turbat.
864 3031 1116 3094 Etenim
1161 3031 1218 3093 si
1262 3028 1519 3116 vulgata
1568 3029 1761 3095 lectio
1794 3052 1942 3095 vera
1974 3039 2158 3108 esset,
2202 3028 2331 3095 hoe
2360 3028 2602 3095 diceret
2632 3031 2773 3094 Ari-

569 3131 862 3196 stoteles:
919 3135 995 3196 iis
1041 3136 1107 3196 in
1152 3130 1370 3209 rebus,
1417 3153 1579 3217 quae
1622 3154 1863 3220 genere
1908 3132 2195 3201 diversae
2240 3145 2418 3213 sunt,
2459 3133 2624 3199 idem
2673 3144 2772 3199 est

570 3256 806 3323 genus,
861 3237 930 3299 in
974 3237 1079 3312 iis,
1135 3256 1297 3320 quae
1340 3237 1555 3321 specie
1600 3236 1932 3318 differunt,
1990 3240 2211 3306 eadem
2260 3242 2534 3325 speciem
2593 3237 2770 3326 quod

569 3339 907 3404 manifesto
943 3348 1042 3403 est
1069 3336 1427 3405 absurdum.
1493 3341 1610 3406 Sin
1641 3354 1851 3408 autem
1882 3343 2220 3409 Alexandri
2252 3342 2589 3409 lectionem
2619 3363 2772 3431 pro-

568 3441 808 3522 bamus,
852 3463 986 3509 non
1021 3464 1155 3507 eam
1193 3446 1451 3531 generis
1485 3444 1881 3511 identitatem
1914 3448 2145 3513 habere
2176 3447 2472 3513 dicuntur
2501 3469 2578 3512 ea
2607 3468 2771 3533 quae

570 3569 811 3634 genere
855 3546 1104 3613 diversa
1148 3558 1324 3626 sunt,
1375 3558 1445 3613 ut
1489 3547 1692 3613 eidem
1740 3555 1961 3638 generi
2007 3562 2341 3637 utrumque
2385 3551 2773 3631 subiiciatur,

569 3649 684 3715 sed
730 3650 1079 3716 diversitati
1121 3654 1245 3737 ipsi
1290 3654 1653 3740 assignatur
1694 3660 1947 3742 generis
1993 3656 2321 3734 identitas,
2372 3659 2518 3742 quia
2565 3654 2773 3720 diver-

570 3757 722 3819 sitas
766 3757 832 3819 in
878 3765 1142 3840 utraque
1185 3777 1258 3819 re
1301 3776 1340 3820 e
1383 3760 1640 3843 generis
1686 3770 1908 3824 natura
1954 3764 2278 3846 repetitur.

704 3858 960 3924 Genere
1007 3870 1211 3924 autem
1259 3858 1507 3924 diversa
1553 3860 1727 3946 quod
1772 3884 1846 3928 ea
1895 3885 2033 3929 esse
2079 3863 2231 3928 dicit
2259 3884 2422 3949 quae
2451 3872 2573 3928 nbc
2602 3885 2773 3928 com-

570 3984 822 4027 munem
855 3967 1173 4028 materiam
1209 3984 1331 4027 nec
1363 3974 1642 4028 mutuam
1674 3967 1840 4032 inter
1870 3989 1939 4031 se
1968 3971 2447 4056 generationem
2478 3967 2772 4048 habeant,

572 4061 717 4130 οἷον
761 4061 936 4131 ὅσων
978 4059 1142 4131 ἄλλο
1187 4069 1408 4151 σχῆμα
1450 4068 1570 4146 τῆς
1614 4072 2011 4156 κατηγορίας
2054 4073 2213 4148 ὂ29,
2272 4077 2636 4159 categoriae
2680 4070 2774 4136 di-

569 4172 838 4234 versitas
881 4191 1000 4255 pro
1050 4169 1335 4255 exemplo
1382 4170 1665 4251 affertur,
1718 4196 1791 4238 ex
1837 4197 1958 4260 qua
2005 4173 2312 4260 quaedam
2357 4197 2599 4261 genere
2642 4179 2774 4240 sint

572 4272 837 4351 diversa,
881 4294 1089 4359 neque
1131 4295 1287 4338 vero
1328 4278 1434 4353 ita,
1479 4287 1550 4341 ut
1592 4299 2004 4364 quaecunque
2047 4299 2285 4366 genere
2332 4277 2578 4344 diversa
2624 4282 2772 4360 sint,

574 4397 646 4440 ea
694 4375 958 4442 diversis
1002 4375 1286 4442 subiecta
1334 4399 1474 4444 esse
1518 4390 1819 4466 oporteat
1875 4384 2246 4469 categorii83
2305 4385 2536 4447 etenim
2581 4386 2771 4468 etiam

570 4499 770 4546 sonos
816 4490 882 4545 et
926 4477 1197 4561 colores,
1243 4479 1394 4548 lieet
1432 4485 1497 4549 in
1530 4483 1751 4551 eadem
1783 4485 2100 4574 qualitatis
2128 4489 2579 4554 contineantur
2607 4499 2773 4553 cate-
