3109 5175
615 374 761 450 528
1422 378 1531 449 Μ
1571 370 1642 445 2.
1726 371 1915 446 1076
1930 372 1995 446 b.

617 562 750 618 ctas
795 551 875 615 ab
919 551 1016 614 bis
1060 553 1380 614 exsistere.
1455 549 1635 613 Haec
1671 549 2005 614 manifesto
2036 547 2327 614 Platonis
2372 560 2469 615 est
2512 547 2825 631 doctrina,

616 676 802 743 quem
848 656 951 718 Ar.
998 674 1100 718 res
1143 653 1611 717 mathematicas
1654 651 1895 717 medias
1942 673 2082 718 esse
2125 655 2293 717 inter
2338 673 2442 717 res
2486 653 2823 719 sensibiles

617 769 682 824 et
727 757 904 822 ideas
955 756 1108 822 dicit
1154 757 1464 834 statuisse,
1508 755 1588 819 cf.
1620 754 1704 820 ad
1743 757 1805 819 A
1836 758 1894 821 7.
1927 756 2088 822 987⁶
2117 758 2231 830 143
2277 753 2447 820 illam
2494 777 2629 822 non
2674 779 2825 844 per·

616 861 770 927 inde
813 871 1069 939 certum,
1112 859 1228 924 sed
1270 857 1609 945 probabile
1653 871 1863 924 tamen
1903 870 1999 923 est
2027 859 2501 924 Platonicorum
2545 881 2826 946 quorun-

617 965 761 1030 dam
794 986 935 1030 esse
965 967 1358 1042 sententiam,
1404 962 1483 1026 cl'.
1518 961 1600 1026 ad
1631 962 1698 1026 B
1726 964 1787 1026 2.
1819 963 1988 1027 998⁶
2017 964 2074 1028 7.
2148 963 2395 1027 Neutra
2423 965 2586 1028 ratio
2624 967 2677 1028 si
2708 985 2826 1050 po-

618 1072 813 1135 tuerit
849 1066 1126 1154 probari,
1160 1090 1262 1132 res
1299 1066 1772 1131 mathematicae
1808 1065 2166 1131 censendae
2202 1076 2390 1131 erunt
2418 1077 2528 1133 aut
2557 1071 2823 1132 omnino

619 1194 754 1239 non
801 1193 941 1238 esse
984 1182 1096 1237 aut
1138 1172 1264 1236 alia
1310 1191 1451 1235 esse
1497 1171 1762 1234 ratione.

1520 1423 1751 1500 CAP.
1816 1425 1914 1499 ΙΙ.

755 1572 832 1652 a)
888 1568 1044 1635 Res‘
1081 1566 1576 1634 mathematicas
1616 1591 1749 1632 non
1790 1571 2006 1633 inesse
2048 1578 2378 1656 tamquam
2402 1664 2406 1669 .
2427 1565 2831 1633 substantias

623 1685 776 1741 actu
819 1675 1201 1739 exsistentes
1244 1673 1435 1738 rebus
1478 1671 1906 1752 sensibilibus,
1953 1675 2162 1738 1⁰76«
2188 1674 2535 1738 38—1111.

756 1791 991 1857 Tribus
1032 1795 1231 1858 utitur
1270 1791 1350 1857 ad
1389 1792 1516 1856 boc
1551 1790 2094 1877 comprobandum
2133 1794 2537 1879 arg-umentis,
2584 1811 2659 1854 ex
2695 1791 2831 1875 qui-

621 1896 741 1962 bus
787 1895 949 1974 duo,
1005 1917 1168 1981 quae
1212 1898 1279 1959 in
1322 1897 1634 1982 principio
1679 1897 1890 1981 ponit,
1941 1898 2063 1960 iam
2107 1898 2174 1958 in
2218 1893 2386 1958 libro
2435 1893 2531 1972 B,
2575 1899 2647 1957 ὲν
2691 1899 2831 1968 τοῖς

623 1993 1146 2086 διαπορήμασιν,
1201 2001 1264 2063 2.
1309 2001 1478 2064 998a
1521 2000 1762 2065 7—19
1822 1997 2135 2084 explicuit.
2236 2000 2545 2062 Nimirum
2604 2016 2831 2060 conse-

625 2124 828 2190 quens
874 2106 993 2168 erit
1038 2122 1113 2166 ex
1156 2103 1275 2166 hac
1318 2105 1668 2180 sententia,
1711 2112 1781 2167 ut
1825 2100 1954 2166 duo
2003 2122 2276 2187 corpora
2316 2105 2386 2166 in
2431 2100 2658 2166 eodem
2705 2102 2832 2164 siut

624 2209 861 2293 spatio,
920 2203 1093 2291 quod
1139 2215 1236 2270 est
1279 2205 1648 2281 absurdum;
1707 2228 1781 2270 ac
1822 2214 2185 2291 praeterea,
2244 2208 2352 2290 qui
2398 2208 2483 2269 ita
2528 2214 2833 2282 stawunt,

624 2311 682 2375 si
726 2307 851 2374 sibi
893 2306 1097 2372 velint
1140 2310 1260 2394 ipsi
1302 2321 1600 2374 constare
1643 2309 1803 2389 (τοῦ
1845 2305 2052 2372 αὐτοῦ
2093 2302 2297 2391 λόγου
2334 2310 2478 2390 ⁶2),
2524 2330 2638 2373 eos
2679 2327 2833 2372 con-

627 2410 897 2477 tendere
952 2409 1138 2474 simul
1194 2412 1551 2497 oportebit:
1609 2415 1720 2477 καὶ
1776 2407 1898 2489 τὰς
1940 2407 2149 2485 ἄλλοις
2194 2408 2504 2497 δυνάμεις
2546 2413 2659 2477 καὶ
2702 2405 2831 2500 φύ-

626 2534 763 2592 σεις
807 2518 877 2579 ἐν
923 2519 1062 2590 τοῖς
1103 2515 1462 2595 αἰσθητοῖς
1496 2511 1667 2582 εἶναι
1699 2516 1813 2581 καὶ
1849 2516 2179 2600 μηδεμίαν
2215 2518 2693 2601 κεχωρισμένην
2724 2515 2829 2578 ὄ2.

629 2618 807 2685 Alex.
851 2616 1023 2705 quod
1070 2640 1172 2682 vv·
1218 2615 1338 2695 τὰς
1382 2614 1591 2696 ἄλλας
1634 2614 1940 2703 δυνάμεις
1987 2620 2099 2683 καὶ
2153 2613 2385 2707 φύσεις
2438 2617 2546 2683 vel
2602 2638 2833 2703 corpo·

625 2745 764 2788 rum
810 2726 1142 2801 terminos,
1199 2722 1571 2809 superficies
1618 2734 1683 2789 et
1725 2722 1957 2800 lineas,
2006 2721 2113 2786 vel
2159 2744 2266 2787 eas
2308 2744 2412 2787 res
2458 2743 2622 2808 quae
2667 2723 2833 2808 opti-

629 2847 742 2891 cae
800 2824 1066 2911 aliisque
1124 2826 1434 2891 eiusmodi
1492 2826 1729 2892 artibus
1773 2826 2096 2892 subiectae
2140 2838 2289 2891 sunt
2330 2824 2676 2914 significari
2717 2847 2833 2909 pu-

628 2941 739 3009 tat,
780 2940 1074 2995 neutrum
1121 2939 1340 3016 potest
1381 2929 1669 3017 probari;
1717 2930 1826 2994 illa
1868 2932 2051 3008 enim,
2094 2929 2467 3016 superficies
2507 2940 2571 2993 et
2606 2926 2832 3006 lineae,

627 3036 750 3098 iam
787 3039 1196 3099 continentur
1223 3036 1555 3118 superiore
1586 3042 1979 3119 argumento,
2018 3054 2145 3118 quo
2179 3032 2311 3097 duo
2342 3052 2633 3119 corpora,
2670 3053 2831 3118 quae

628 3138 917 3202 nimirum
975 3137 1117 3200 sine
1171 3134 1632 3221 superficiebus
1688 3158 1765 3200 ac
1807 3135 1995 3200 lineis
2040 3138 2308 3224 cogitari
2352 3146 2709 3223 nequeunt,
2764 3138 2832 3199 in

636 3237 864 3305 eodem
909 3240 1123 3324 spatio
1167 3238 1306 3302 fore
1350 3238 1847 3325 significaverat3
1898 3239 2057 3304 baec
2107 3241 2160 3303 si
2203 3238 2498 3305 volumus
2541 3236 2833 3325 intelligi,

635 3344 989 3430 argumenti
1031 3343 1128 3405 vis
1175 3343 1379 3406 omnis
1422 3342 1762 3423 intercidit,
1808 3365 1969 3428 quae
2016 3341 2270 3428 quidem
2313 3345 2381 3408 in
2428 3364 2507 3407 eo
2554 3352 2654 3407 est
2696 3336 2845 3420 sita,

630 3456 701 3511 ut
748 3446 854 3509 Ar.
902 3466 1008 3509 eas
1054 3442 1434 3509 substantias
1482 3456 1547 3511 et
1588 3449 1757 3533 ipsas
1802 3468 1878 3511 ex
1924 3444 2145 3511 eadem
2188 3450 2501 3512 sententia
2544 3465 2833 3511 necessa-

627 3551 728 3613 rio
773 3551 986 3614 inesse
1028 3548 1218 3613 rebus
1262 3549 1668 3615 sensibilibus
1715 3550 2125 3628 demonstret,
2171 3572 2326 3635 quas
2366 3553 2503 3615 eius
2539 3559 2832 3613 auctores

629 3674 667 3715 a
711 3650 901 3717 rebus
946 3650 1356 3717 sensibilibus
1397 3655 1821 3718 seiunxerant.
1895 3654 2117 3739 ltaque
2160 3652 2313 3718 licet
2354 3673 2592 3718 nomen
2636 3645 2835 3717 δυνά-

628 3776 771 3838 μεις
815 3753 1085 3840 aliquam
1126 3752 1317 3818 faciat
1347 3753 1823 3835 dubitationem,
1868 3776 1990 3820 nec
2016 3766 2227 3820 tamen
2257 3759 2618 3843 graviorem
2648 3774 2833 3841 quam

630 3860 697 3920 in
742 3855 1003 3942 reliquis
1047 3858 1505 3945 interpretandi
1548 3860 1926 3937 rationibuS,
1972 3858 2199 3924 ideas
2242 3860 2695 3947 intelligendas
2739 3880 2833 3922 ar-

630 3957 850 4022 bitror.
940 3959 1070 4045 Qui
1115 3984 1216 4027 res
1263 3962 1733 4029 mathematicas
1790 3963 2171 4028 substantias
2226 3963 2480 4050 quidem
2530 3985 2671 4029 esse
2713 3973 2834 4027 sta-

631 4069 834 4138 tuunt,
880 4082 955 4124 ac
999 4073 1209 4130 tamen
1246 4069 1456 4131 inesse
1494 4065 1690 4132 rebus
1723 4066 2145 4146 sensibilibuS,
2189 4069 2233 4132 ii
2266 4089 2397 4132 non
2429 4066 2680 4146 habent,
2723 4086 2834 4131 eur

630 4162 808 4229 ideas
843 4166 1183 4253 seiungant
1215 4189 1254 4232 a
1290 4169 1481 4233 rebus
1515 4169 1940 4236 sensibilibus.
2010 4170 2155 4235 Hoc
2180 4173 2463 4256 apertius
2494 4169 2651 4234 dicit
2674 4169 2743 4234 B
2771 4171 2830 4235 2.

632 4268 800 4332 99811
842 4268 943 4345 12,
990 4289 1175 4352 quem
1220 4268 1431 4336 locum
1477 4271 1581 4335 bic
1624 4275 1907 4359 respicit:
1964 4274 2170 4352 δῆλον
2215 4268 2318 4337 ὅτι
2360 4274 2473 4338 καὶ
2517 4267 2613 4338 τὰ
2658 4270 2832 4350 εἴδη

632 4368 941 4455 ἐνδέχοιτ’
981 4366 1067 4437 ἄν
1112 4376 1182 4438 ἐν
1218 4381 1359 4450 τοῖς
1391 4375 1752 4452 αὶσθητοῒς
1790 4371 1989 4440 εἶναι·
2034 4378 2180 4464 τὀῦ
2220 4369 2350 4461 γὰρ
2396 4372 2654 4440 αὐτοῦ
2697 4369 2834 4438 λό-

631 4494 777 4557 γου
820 4470 1170 4563 ἀμφότερα
1213 4470 1426 4543 ταῦτα’
1469 4481 1666 4545 ἐστιν.
1696 4516 1785 4530 -
1829 4480 1944 4544 His
1989 4482 2243 4544 tertium
2287 4477 2466 4544 addit
2507 4498 2836 4565 argumen-
