3109 5175
557 365 704 439 506
1380 370 1460 439 Λ
1508 364 1579 439 8.
1662 363 1931 439 107311.

556 541 1009 606 mathematicis
1049 544 1076 616 <
1091 535 1494 620 οἰκειοτάτης
1528 541 2002 631 φιλοσοφίᾳ
2037 543 2107 605 ἰιι
2136 548 2313 606 textu
2341 541 2582 627 scripsi,
2623 539 2773 606 Ale·

556 643 859 710 xandrum
919 657 985 709 et
1030 644 1444 709 Themistium
1498 653 1780 723 secutus,
1837 667 1959 732 pro
2018 642 2277 731 vulgata
2336 643 2642 710 librorum
2702 656 2772 708 et

559 751 937 834 scriptorum
985 760 1051 813 et
1094 747 1408 813 editorum
1454 746 1732 812 lectione
1779 743 2182 827 οἰκειοτάτης
2226 748 2649 836 φιλοσοφίας,
2695 746 2767 811 li·

560 861 662 916 cet
718 855 883 916 enim
934 854 1341 941 φιλοσοφίας
1385 873 1620 916 nomen
1662 850 1848 916 facile
1892 855 1978 916 ita
2023 855 2308 938 potuerit
2353 850 2637 929 extendi,
2696 863 2771 916 ut

558 958 854 1022 universe
881 958 1233 1021 doctrinam
1263 977 1339 1020 ac
1364 957 1691 1020 scientiam
1717 955 2053 1042 significet,
2085 958 2164 1020 cf.
2191 955 2270 1020 ad
2294 957 2367 1021 A
2389 956 2451 1020 3.
2474 956 2637 1019 983ὂ
2659 956 2767 1032 21,

558 1070 769 1124 tamen
813 1082 1005 1148 aegre
1052 1061 1130 1125 ad
1179 1059 1552 1124 adiectivum
1596 1057 1997 1139 οὶκειοτάτης
2035 1059 2360 1125 desideres
2401 1057 2769 1145 significari,

560 1167 687 1229 cui
744 1161 1077 1229 doctrinae
1130 1165 1394 1228 maxime
1451 1166 1533 1228 sit
1588 1168 1918 1250 cognata).
2010 1163 2224 1248 Quum
2272 1165 2437 1227 enim
2483 1161 2769 1248 reliquae

561 1265 890 1332 doctrinae
948 1268 1419 1333 mathematicae
1478 1277 1721 1330 tantum
1773 1287 1908 1330 non
1954 1288 2178 1332 omnes
2222 1269 2289 1330 in
2335 1262 2769 1351 contemplan-

562 1370 658 1435 dis
703 1374 888 1435 meris
936 1371 1152 1435 formis
1193 1372 1599 1444 extensionis»,
1645 1368 1976 1435 abstractis
2021 1370 2147 1434 illis
2194 1368 2447 1456 quidem
2490 1391 2529 1432 a
2576 1366 2767 1432 rebus

560 1473 985 1551 sensibilibus,
1029 1495 1238 1559 neque
1283 1494 1440 1538 vero
1488 1477 1654 1537 circa
1698 1477 1867 1559 ipsas
1913 1496 2016 1539 res
2061 1473 2396 1538 sensibiles
2431 1482 2769 1537 versentur

562 1577 679 1657 (cf.
704 1580 790 1642 M
805 1580 866 1642 2.
891 1578 991 1658 3),
1020 1581 1448 1642 astronomiae
1477 1576 1867 1644 substantiae
1897 1576 2234 1644 sensibiles
2268 1586 2332 1641 et
2361 1587 2661 1662 aeternae
2687 1577 2767 1638 si-

561 1680 780 1746 derum
813 1680 896 1745 ad
923 1680 1379 1767 speculandum
1408 1683 1785 1767 propositae
1816 1691 1980 1761 sunt,
2014 1682 2091 1749 cf.
2118 1682 2310 1766 Phys.
2334 1680 2485 1745 112.
2521 1682 2685 1745 194⁰
2707 1680 2767 1744 7.

561 1786 765 1849 Huius
819 1787 1016 1871 igitur
1060 1783 1391 1849 doctrinae
1435 1806 1625 1869 quum
1672 1784 1945 1850 advocat
1989 1784 2303 1863 auxilium,
2349 1804 2462 1848 eos
2509 1785 2769 1869 respicit

562 1900 982 1965 astronomos
1024 1892 1131 1974 qui
1167 1886 1277 1953 illa
1315 1897 1523 1951 aetate
1560 1885 1887 1953 doctrinae
1918 1887 2108 1954 laude
2141 1891 2402 1953 maxime
2432 1887 2768 1963 florebant,
2832 1865 2851 1884 ⁸

560 1992 894 2057 Eudoxum
941 1991 1242 2058 Cnidium
1292 1991 1408 2070 (cf.
1455 1990 1703 2056 Fabric.
1748 1991 1917 2057 Bibl.
1964 1992 2078 2057 Gr.
2123 1992 2237 2056 IV.
2282 2014 2347 2077 p.
2382 1993 2485 2055 lo.
2543 1989 2768 2068 ldeler‚

561 2095 725 2160 uber
752 2094 1075 2174 Eudoxus,
1121 2096 1281 2160 Abh.
1315 2094 1375 2160 d.
1409 2094 1580 2160 Berl.
1616 2095 1737 2159 Ak.
1782 2097 1955 2161 1828
1986 2105 2051 2159 et
2081 2097 2295 2174 1830)
2343 2098 2603 2182 eiusque
2646 2094 2770 2159 dis-

563 2198 840 2285 cipulum
877 2200 996 2280 (cl.
1030 2199 1250 2286 simpl.
1282 2198 1496 2264 Schol.
1530 2223 1592 2285 p.
1618 2201 1777 2265 498⁶
1801 2201 1927 2280 28)
1961 2197 2325 2284 Callippum
2357 2197 2769 2284 Cyzicenum,

564 2302 678 2367 sed
724 2323 943 2368 eorum
988 2303 1240 2389 placitis
1283 2307 1368 2366 ita
1416 2306 1625 2381 utitur,
1671 2312 1744 2367 ut
1786 2305 1925 2388 ipse
1971 2301 2264 2366 nonnihil
2309 2301 2392 2365 ad
2439 2323 2513 2365 ea
2561 2323 2770 2366 emen-

566 2404 774 2470 danda
835 2416 899 2469 et
953 2403 1312 2490 supplenda
1368 2387 1638 2470 adiiciat.
1730 2407 1906 2470 Haec
1962 2415 2171 2469 tamen
2231 2407 2443 2469 omnia
2499 2426 2583 2468 ne
2628 2408 2769 2490 quis

566 2519 737 2574 certa
786 2520 852 2575 et
893 2512 1250 2574 necessaria
1297 2509 1436 2574 esse
1483 2513 1802 2598 opinetur,
1848 2520 1914 2575 et
1957 2532 1991 2573 a
2031 2511 2344 2595 principio
2386 2511 2520 2572 eius
2557 2506 2771 2596 dispu-

569 2617 826 2679 tationis
858 2625 1058 2692 cavet,
1092 2616 1293 2680 10736
1322 2617 1501 2681 13-
1521 2617 1623 2692 17,
1655 2625 1719 2680 et
1747 2617 2039 2701 exposito
2070 2613 2471 2698 sphaerarum
2503 2632 2769 2678 numero

567 2720 791 2783 iterum
837 2716 1112 2782 lectores
1157 2730 1401 2796 monet,
1463 2720 1674 2784 107402
1713 2722 1824 2796 16,
1882 2739 2092 2802 neque
2138 2715 2402 2781 eandem
2453 2719 2580 2780 vim
2626 2718 2774 2781 huic

565 2820 788 2886 tribuit
842 2821 923 2886 de
979 2844 1245 2887 numero
1291 2823 1695 2908 sphaerarum
1742 2822 2156 2908 expositioni,
2216 2829 2405 2906 atque
2450 2818 2546 2883 illi
2591 2842 2773 2909 argu-

567 2928 968 3004 mentationi,
1027 2949 1150 3012 qua
1207 2948 1348 2991 esse
1405 2929 1668 2992 omnino
1713 2928 2091 3012 principium
2137 2944 2401 2988 movens
2445 2924 2772 2990 immobile

569 3026 1046 3094 demonstravit.
1135 3031 1443 3095 Nimirum
1503 3030 1585 3094 de
1645 3031 2004 3093 exsistentia
2064 3049 2139 3091 ac
2188 3033 2564 3093 necessitate
2610 3031 2774 3092 eius·

567 3131 743 3195 modi
801 3136 1099 3218 principii
1151 3154 1401 3197 omnem
1449 3143 1711 3218 oportet
1757 3131 2217 3196 dubitationem
2266 3143 2566 3196 exemtam
2614 3153 2771 3210 esse,

569 3238 623 3299 si
676 3239 815 3320 quis
860 3256 1067 3300 rerum
1116 3246 1401 3301 naturam
1449 3246 1515 3300 et
1559 3238 2055 3324 generationem,
2107 3239 2212 3321 qni
2258 3239 2466 3321 possit
2511 3239 2771 3303 omnino

567 3337 729 3417 fieri,
776 3338 1135 3426 intelligere
1165 3338 1469 3415 voluerit3
1517 3340 1598 3404 de
1634 3361 1899 3404 numero
1933 3352 2140 3405 autem
2172 3351 2573 3403 aeternorum
2604 3343 2772 3425 prin-

569 3444 875 3527 cipiorum
933 3446 1321 3508 moventium
1380 3441 1671 3508 dubitare
1720 3443 1961 3521 licebit,
2021 3443 2216 3508 modo
2265 3454 2542 3522 constet,
2600 3441 2771 3507 unde

567 3546 753 3610 huius
797 3551 1042 3612 numeri
1090 3550 1374 3634 cognitio
1421 3546 1699 3632 petenda
1747 3551 1845 3612 sit.
1927 3548 2230 3633 Disputat
2276 3546 2357 3610 de
2403 3567 2477 3609 ea
2522 3567 2593 3609 re
2638 3557 2772 3609 tan-

570 3658 702 3714 tum
750 3653 1006 3726 ὲννοίας
1043 3645 1239 3734 χάριν
1280 3652 1424 3729 ὺ12,
1479 3661 1551 3717 ιιι
1593 3650 1987 3738 aliquatenus
2033 3660 2205 3714 certe
2249 3651 2581 3736 imaginari
2624 3669 2770 3735 pos-

567 3755 778 3830 simnS,
825 3764 983 3838 quot
1026 3757 1154 3818 sint
1197 3775 1462 3819 numero
1497 3750 1821 3841 sphaerae,
1868 3763 2026 3839 quot
2054 3752 2446 3817 substantiae
2477 3764 2772 3818 aeternae
2869 3755 2879 3763 ”

573 3855 954 3936 immobiles,
1012 3879 1275 3943 eamque
1330 3879 1465 3922 rem
1525 3870 1592 3923 et
1647 3858 1915 3923 aliorum
1969 3877 2131 3943 quos
2187 3855 2486 3921 consulat
2541 3855 2771 3921 auxilio

574 3969 637 4021 et
681 3980 790 4022 sua
834 3963 1031 4045 ipsius
1074 3960 1514 4047 disquisitione
1561 3961 1830 4047 amplius
1877 3960 2028 4026 dicit
2066 3959 2573 4046 investigandam
2615 3980 2773 4024 esse.

572 4063 736 4140 (1216
783 4063 999 4150 φιλεῖν
1043 4066 1163 4147 μὲν
1208 4062 1642 4153 ἀμφοτέρους,
1687 4066 2065 4130 πείθεσθαι
2106 4063 2176 4127 δὲ
2223 4072 2361 4138 τοις
2401 4060 2775 4147 ἀκριβεστέ-

572 4188 730 4287 ροις,
775 4164 851 4228 cf.
901 4165 1043 4229 Etb.
1089 4168 1169 4231 N.
1213 4169 1242 4231 1
1287 4172 1346 4233 4.
1364 4172 1603 4234 {096⁶
1640 4171 1755 4233 16.
1811 4165 2068 4257 ἀμφοιν
2114 4160 2241 4250 γὰρ
2287 4161 2509 4232 ὄντοιν
2553 4168 2777 4255 φίλοιν

575 4264 763 4334 ὅσιον
809 4270 1140 4354 προτιμᾶν
1184 4265 1305 4349 τὴν
1349 4268 1742 4352 ἀλήθειαν.)
1822 4273 2044 4356 ltaque
2088 4291 2278 4355 quum
2327 4267 2538 4334 obiter
2580 4268 2776 4334 modo

575 4372 740 4436 hanc
771 4395 902 4437 rem
937 4372 1314 4438 Aristoteles
1346 4377 1748 4463 perstringat,
1785 4385 1855 4440 ut
1885 4397 2046 4461 quae
2075 4371 2608 4459 probabilitatem,
2641 4394 2775 4438 non

573 4477 854 4540 veritatis
899 4481 1335 4543 necessitatem
1381 4488 1777 4564 assequatur,
1834 4481 1988 4544 satis
2042 4475 2415 4543 habebimus
2461 4480 2596 4564 ipsa
2644 4478 2778 4541 Ari-
