3109 5175
548 361 640 436 10

542 540 729 618 sicos,
772 548 845 604 ut
884 541 1200 628 genuinus
1242 538 1349 606 vel
1392 538 1744 627 probabilis
1790 541 1958 610 ordo
2001 544 2387 612 restituatur.
2454 545 2743 633 Utraque

541 647 705 710 ratio
748 645 819 708 in
862 646 1229 710 coniectura
1272 649 1481 731 posita
1512 656 1653 722 -est3
1699 649 1808 732 qui
1853 648 2018 714 enim
2061 647 2390 737 vulgatum
2433 649 2741 717 librorum

541 746 830 814 ordinem
877 746 1245 827 defendunt,
1288 770 1660 835 quamquam
1704 748 2072 836 simpliciter
2112 750 2181 816 id
2226 751 2398 838 quod
2445 753 2741 820 traditum

541 861 640 915 est
683 852 850 915 tueri
894 850 1215 931 videntur,
1267 852 1458 919 alieni
1503 853 1585 919 ab
1632 856 1809 919 omni
1854 853 2256 919 coniectandi
2301 855 2589 937 licentia,
2647 879 2744 923 re-

539 966 832 1042 pugnant
872 954 970 1020 illi
1014 967 1224 1022 tamen
1266 959 1623 1024 narrationi
1663 968 1954 1024 veterum
1996 961 2439 1043 interpretum,
2499 982 2574 1026 ex
2617 983 2743 1047 qua

539 1058 740 1124 libros
792 1060 1263 1146 metaphysicos
1318 1082 1455 1126 non
1498 1064 1785 1149 integros
1831 1061 1910 1125 ab
1958 1060 2508 1129 emendationibus
2552 1064 2744 1130 tradi-

540 1172 643 1228 tos
701 1184 841 1228 esse
897 1168 1374 1252 cognoscimus3
1435 1177 1657 1229 contra
1717 1167 1824 1250 qui
1881 1186 1918 1228 a
1973 1163 2240 1252 vulgato
2293 1186 2469 1230 nunc
2513 1166 2742 1236 ordine

540 1265 991 1334 discedendum
1035 1278 1276 1354 putant,
1319 1266 1584 1336 eosdem
1611 1266 1760 1332 illos
1789 1272 2172 1354 interpretes
2201 1272 2554 1334 sententiae
2585 1293 2741 1336 snae

541 1379 834 1436 auctores
878 1370 1133 1438 habent.
1220 1372 1445 1457 Itaque
1501 1373 1569 1436 in
1625 1371 1743 1435 hac
1798 1372 2090 1460 ambigua
2132 1375 2227 1438 rei
2270 1383 2493 1438 natura
2536 1376 2625 1438 ita
2669 1374 2743 1438 li-

541 1485 686 1539 ceat
737 1478 981 1540 versari
1038 1485 1109 1540 ut
1163 1477 1430 1560 primum
1483 1474 1634 1559 quid
1678 1476 1827 1539 mihi
1872 1480 2135 1543 maxime
2176 1477 2469 1543 videatur
2510 1477 2743 1564 proba-

539 1578 673 1643 bile
722 1598 1065 1665 exponam,
1122 1577 1355 1644 deinde
1400 1580 1774 1669 praecipuas
1819 1577 2087 1646 aliorum
2131 1585 2478 1647 sententias
2522 1592 2587 1646 et
2629 1604 2744 1645 cur

540 1682 620 1748 ab
664 1684 743 1748 iis
788 1680 1242 1748 discedendum
1288 1684 1646 1768 putaverim
1689 1684 1911 1768 paucis
1954 1684 2330 1772 significem.
2395 1685 2575 1750 Nihil
2603 1685 2742 1750 fere

539 1789 697 1851 novi
748 1806 848 1851 me
907 1806 1048 1851 esse
1094 1783 1484 1870 prolaturum
1531 1784 1612 1850 de
1658 1784 1885 1851 ordine
1926 1786 2234 1854 librorum
2277 1789 2743 1875 metaphysico-

539 1911 676 1954 rum
721 1892 1009 1976 ingenue
1050 1887 1394 1975 profiteor3
1439 1887 1812 1954 Brandisius
1857 1893 2026 1956 enim
2070 1912 2233 1976 quae
2278 1890 2361 1956 de
2403 1883 2741 1977 Metaphy·

538 1996 685 2060 sicis
729 1990 1156 2058 Aristotelieis
1204 1990 1395 2058 docte
1440 2003 1505 2059 et
1546 2002 1734 2058 acute
1780 1995 2099 2078 exposuit,
2160 2015 2237 2059 ea
2291 1997 2443 2061 mihi
2486 1995 2739 2080 quidem

537 2100 625 2162 ita
670 2097 998 2183 probavit,
1044 2105 1115 2161 ut
1159 2098 1531 2182 paucissima
1578 2099 1954 2176 invenerim,
2001 2119 2164 2183 quae
2205 2096 2312 2163 vel
2356 2098 2741 2166 dubitationi

541 2222 683 2266 esse
729 2200 1003 2265 obnoxia
1049 2198 1155 2264 vel
1198 2198 1499 2264 mutanda
1541 2200 1894 2265 videantur.

670 2305 823 2368 Uno
856 2314 1084 2368 tenore
1116 2313 1182 2388 et
1211 2303 1439 2370 eodem
1470 2303 1921 2389 disputationis
1953 2313 2252 2370 contextu
2280 2306 2499 2390 scripti
2523 2304 2742 2372 viden-

418 2400 426 2408 ’
540 2418 643 2472 tur
677 2428 816 2472 esse
846 2407 912 2470 hi
942 2417 1187 2492 septem
1216 2407 1361 2473 libri
1393 2407 1596 2472 ΑΒΓ
1589 2408 1795 2472 ΕΖΗ
1799 2407 1873 2474 Θ.
1926 2411 2024 2474 Ac
2050 2409 2256 2493 primo
2290 2407 2542 2493 quidem
2570 2407 2739 2474 libro

538 2514 705 2576 viam
733 2521 914 2597 parat
943 2511 1363 2597 philosophus
1395 2510 1477 2575 ad
1510 2511 1940 2598 explicandam
1970 2515 2228 2599 primam
2249 2511 2738 2599 philosophiam.

538 2616 820 2681 Exorsus
865 2618 1031 2680 enim
1078 2615 1159 2679 ab
1203 2614 1424 2681 infimo
1472 2618 1870 2704 percipiendi
1919 2639 2187 2706 genere,
2244 2615 2418 2704 quod
2476 2637 2743 2701 suspen-

540 2741 675 2785 sum
736 2742 771 2783 a
830 2720 1117 2786 sensibus
1175 2720 1416 2785 homini
1475 2740 1812 2787 commune
1865 2731 2144 2786 est‘cum
2189 2723 2418 2787 ceteris
2461 2719 2742 2785 animali-

540 2824 677 2901 bus,
723 2826 984 2910 exponit
1027 2822 1259 2908 quibus
1300 2822 1602 2908 deinceps
1645 2822 1947 2911 gradibus
1980 2822 2356 2888 ascendatur
2385 2846 2576 2908 quum
2607 2825 2741 2888 uni-

542 2949 724 2991 verse
768 2925 851 2995 ad
897 2931 1349 3015 cognitionem,
1395 2936 1523 2989 tum
1570 2930 1910 3012 praecipue
1955 2925 2036 2991 ad
2081 2949 2247 3004 eam,
2292 2948 2460 3013 quae=
2495 2945 2738 2991 summo

543 3042 641 3095 est
683 3030 833 3095 loco
882 3031 1199 3116 ponenda,
1243 3050 1626 3096 summorum
1670 3033 2122 3115 principiorum
2167 3034 2520 3105 scientiam;
2578 3032 2742 3095 hanc

542 3136 707 3198 enim
753 3138 1148 3220 propositam
1188 3155 1329 3198 esse
1357 3136 1597 3218 primae
1627 3132 2073 3220 philosophiae
2107 3157 2180 3199 ex
2209 3138 2308 3213 iis,
2348 3156 2511 3220 quae
2543 3133 2738 3221 vulgo

542 3237 845 3314 feruntur,
890 3237 971 3302 de
1016 3240 1324 3324 sapientia
1373 3235 1788 3322 opinionibus
1833 3235 2226 3303 demonstrat
2268 3245 2352 3315 (c.
2388 3242 2445 3302 l.
2476 3241 2569 3317 2).
2659 3239 2741 3301 Et

543 3345 844 3426 quoniam
888 3363 1215 3407 causarum
1262 3354 1329 3405 et
1370 3342 1829 3426 principiorum
1876 3352 2150 3426 quatuor
2194 3364 2428 3431 genera
2465 3346 2527 3405 in
2559 3341 2740 3409 libris

542 3445 825 3530 physicis
882 3443 1192 3524 distinxit,
1244 3448 1622 3531 principium
1681 3444 2003 3509 materiale
2061 3445 2326 3510 formale
2369 3443 2566 3509 finale
2609 3465 2740 3509 mo-

542 3569 718 3625 vens,
763 3546 1005 3613 nullum
1052 3571 1191 3613 esse
1234 3570 1438 3635 genus
1474 3552 1774 3614 omissum
1810 3548 1942 3626 sed,
1987 3548 2409 3633 quodcunque
2446 3559 2542 3613 est
2570 3552 2740 3634 prin-

544 3654 806 3737 cipium,
861 3652 932 3726 id
986 3653 1105 3717 sub
1162 3674 1354 3717 unum
1400 3652 1505 3716 vel
1552 3651 1816 3716 alterum
1863 3674 1937 3716 ex
1981 3652 2077 3715 his
2121 3656 2450 3739 principiis
2495 3652 2740 3728 cadere,

546 3776 623 3820 ex
665 3756 927 3820 historia
970 3754 1417 3841 philosophiae
1461 3756 1868 3840 compi-ohan
1920 3766 2201 3822 veterum
2248 3760 2414 3821 enim
2457 3755 2741 3842 philoso-

543 3859 815 3945 phorum
854 3857 1086 3944 placita
1117 3857 1198 3922 de
1228 3861 1551 3945 principiis
1583 3862 1670 3923 ita
1702 3863 1964 3944 exponit
1994 3870 2060 3924 et
2091 3859 2346 3937 iudicat,
2390 3870 2462 3924 ut
2490 3870 2742 3944 praeter

544 3962 653 4027 illa
701 3974 972 4048 quatuor
1008 3985 1247 4050 genera
1284 3962 1525 4028 nullum
1559 3984 1672 4027 eos
1705 3964 2023 4027 invenisse
2063 3973 2366 4049 appareat
2402 3966 2484 4042 (c.
2516 3964 2739 4042 3—8).

545 4068 815 4152 Propius
860 4067 1093 4132 deinde
1138 4066 1222 4132 ad
1264 4071 1465 4153 ipsam
1512 4065 1904 4151 disciplinam
1949 4066 2196 4131 accedit
2237 4066 2404 4131 libro
2447 4066 2542 4141 B,
2588 4087 2740 4133 enu-

547 4174 800 4234 meratis
846 4173 1110 4256 primum
1156 4175 1240 4252 (c.
1274 4174 1343 4251 l)
1389 4193 1464 4235 ac
1509 4169 1742 4235 deiude
1793 4173 1859 4234 in
1897 4180 2224 4254 utramque
2261 4167 2502 4255 partem
2540 4166 2742 4232 disce-

546 4276 737 4359 ptatis
782 4278 864 4350 (c.
895 4275 1109 4354 2—6)
1155 4274 1401 4360 aliquot
1444 4274 1951 4359 quaestionibus,
2010 4294 2165 4357 quas
2209 4270 2413 4335 dirimi
2458 4294 2573 4356 per
2614 4275 2740 4358 pri-

546 4398 706 4441 mam
753 4374 1221 4463 philosophiam
1263 4388 1759 4445 consentaneum
1803 4381 1900 4442 sit.
1969 4378 2292 4440 Prooemii
2327 4374 2536 4441 locum
2574 4376 2744 4443 huuc

546 4480 775 4547 librum
824 4480 1113 4547 obtinere
1159 4504 1233 4546 ex
1278 4485 1444 4567 ipsa,
1488 4504 1610 4568 qua
1656 4485 1853 4548 utitur
1896 4478 2344 4566 philosophuS,
2389 4477 2742 4545 disserendi
