3109 5175
593 357 749 434 548
1411 364 1518 434 M
1557 357 1627 432 7.
1711 356 1981 434 10811».

599 537 808 604 105112
850 538 973 617 14)
1029 557 1155 602 nec
1209 545 1428 622 potest
1478 539 1728 623 prima
1788 534 1917 601 dici
1972 533 2098 613 (οὐ
2148 530 2279 624 γὰρ
2329 537 2519 603 ἔσται
2560 535 2605 616 ἡ
2650 530 2826 614 δυὰς

594 636 819 726 πρώτη
856 641 1055 720 021).
1100 677 1189 690 -·-
1239 640 1422 706 Duas
1464 638 1720 705 videtur
1763 641 1871 705 Ar.
1918 644 2500 727 argumentationes
2545 643 2825 706 coniun-

595 765 770 833 gere,
804 744 1157 821 asa—25,
1192 744 1328 810 «225
1373 745 1595 810 ἔπειτα
1640 779 1724 794 -
1765 745 1871 821 29,
1915 743 2031 808 sed
2076 765 2149 809 re
2195 765 2346 809 vera
2392 745 2461 809 id
2507 744 2693 830 quod
2738 743 2825 810 ab
2882 789 2899 794 -

595 851 778 914 initio
811 846 1372 913 demonstrandum
1407 850 1623 934 ponit:
1668 844 1786 912 οὐκ
1823 847 2010 913 ἔσται
2046 844 2089 926 ἡ
2128 844 2293 923 δυὰς
2327 844 2571 933 πρώτη,
2609 847 2823 914 altera

595 951 844 1018 demum
889 961 1072 1038 parte
1116 949 1522 1038 comprobat;
1568 954 1788 1037 priore
1832 961 2042 1016 autem
2089 963 2275 1038 parte
2320 954 2497 1038 quasi
2540 974 2662 1040 per
2709 974 2823 1038 pa-

595 1057 917 1122 renthesin
964 1066 1199 1134 monet,
1250 1055 1620 1121 Platonicos
1667 1065 1841 1119 certe
1886 1076 2187 1121 numeros
2234 1077 2370 1122 non
2417 1077 2560 1121 esse
2602 1079 2685 1122 ex
2734 1076 2820 1121 eo

595 1158 772 1248 quod
817 1160 1150 1246 descripsit
1193 1179 1462 1247 genere,
1505 1157 1621 1223 sed
1667 1157 1959 1246 singulos
2004 1181 2295 1247 quosque
2341 1159 2821 1226 consociabiles

563 1268 764 1364 ‘inter
806 1287 876 1328 se
921 1263 1163 1330 habere
1199 1266 1492 1328 unitates.
1567 1261 1710 1348 Ipsa
1749 1273 1975 1342 autem,
2021 1285 2187 1349 quae
2214 1262 2413 1328 altera
2445 1275 2628 1348 parte
2662 1284 2821 1329 con-

596 1372 851 1446 tinetur,
895 1369 1361 1456 argumentatio
1409 1388 1446 1431 e
1489 1369 1763 1434 notione
1800 1368 1920 1433 τοῦ
1956 1363 2217 1454 πρώτου
2252 1369 2523 1455 repetita
2566 1377 2684 1446 est,
2731 1366 2819 1432 de

595 1495 719 1560 qua
765 1472 847 1537 cf.
891 1470 975 1538 ad
1013 1474 1114 1538 ⁶2.

726 1577 810 1657 2)
859 1577 1069 1643 1081«
1104 1577 1456 1644 29—b10.
1531 1578 1679 1658 <De
1725 1577 2117 1646 emendanda
2166 1576 2574 1663 distinetione
2621 1580 2817 1664 primi

597 1684 931 1760 nunciati,
969 1681 1106 1747 229
1150 1682 1244 1746 ἔτι
1285 1675 1510 1761 ἐπειδὴ
1557 1718 1638 1735 -
1684 1685 1773 1748 35
1818 1679 2107 1759 τούτους,
2151 1686 2329 1748 cuius
2372 1682 2681 1768 apodosis
2720 1685 2816 1746 in-

595 1784 890 1874 cipienda
936 1795 1036 1851 est
1079 1806 1116 1850 a
1160 1795 1321 1872 part.
1361 1782 1525 1851 ὥστε
1563 1788 1718 1866 «32,
1766 1789 2031 1873 exposui
2061 1787 2225 1852 obs.
2255 1811 2317 1874 p.
2342 1788 2490 1866 23.)
2564 1787 2635 1851 Si
2673 1790 2813 1852 uni·

595 1900 758 1957 tates
800 1900 1134 2002 ponuntur
1177 1910 1398 1955 omnes
1441 1889 1999 1969 inconsociabileS,
2042 1894 2240 1975 prima
2279 1902 2560 1977 ponetur
2594 1893 2811 1956 unitas

593 1988 758 2061 αὐτὸ
803 1989 881 2060 τὸ
887 1959 1004 2073 ἓν,
1047 1994 1286 2061 deinde
1323 1994 1540 2074 altera,
1578 2017 1743 2081 quae
1781 2006 1877 2059 est
1915 1993 2237 2061 dualitatis
2275 2000 2470 2081 prior,
2514 2006 2647 2059 tum
2685 2004 2811 2058 ter-

593 2102 697 2179 tia,
740 2119 904 2185 quae
950 2109 1047 2164 est
1085 2098 1406 2165 dualitatis
1437 2097 1655 2177 altera,
1699 2097 2003 2183 deinceps
2049 2109 2288 2185 quarta,
2333 2119 2496 2184 quae
2542 2109 2639 2164 est
2682 2108 2809 2162 ter·-

590 2205 752 2268 narii
780 2205 1027 2268 numeri
1056 2206 1276 2288 prima,
1319 2213 1385 2268 et
1426 2203 1671 2287 reliqua
1712 2200 1983 2268 eundem
2023 2206 2087 2266 in
2128 2201 2404 2268 modum.
2476 2204 2560 2266 At
2588 2205 2675 2266 ita
2710 2223 2807 2266 re-

589 2327 811 2373 cusare
845 2327 980 2372 non
1017 2318 1305 2394 possunt,
1343 2309 1497 2393 quin
1528 2328 1606 2372 ex
1639 2308 1883 2372 unitate
1919 2302 2124 2372 αὐτοῦ
2154 2308 2274 2372 τοῦ
2310 2301 2459 2382 ἑνός
2488 2317 2554 2370 et
2582 2310 2803 2392 priore

590 2409 914 2478 dualitatis
959 2413 1204 2476 unitate
1250 2413 1505 2476 exsistat
1548 2408 1836 2489 dualitaS,
1880 2407 2104 2475 idealis
2136 2411 2423 2476 nimirum
2455 2421 2527 2476 ut
2557 2432 2635 2475 ex
2664 2414 2801 2475 uni·

591 2514 828 2580 tatibus
884 2513 1492 2584 inconsociabilibus
1539 2517 1923 2601 composita,
1985 2525 2133 2580 ante
2176 2517 2406 2601 ipsam,
2458 2536 2641 2600 quam
2686 2535 2801 2580 vo-

590 2618 732 2685 lunt
786 2619 961 2698 fieri,
1019 2618 1384 2685 dualitatem
1429 2618 1730 2698 idealem‚
1792 2630 1855 2684 et
1901 2618 2129 2685 eodem
2174 2619 2370 2686 modo
2415 2620 2644 2706 reliqui
2687 2642 2800 2686 nu-

588 2727 747 2789 meri
790 2723 954 2789 fiant
995 2734 1145 2790 ante
1188 2746 1258 2791 se
1301 2727 1441 2812 ipsi,
1483 2725 1839 2789 ass—35.
1933 2723 2143 2809 Quam
2199 2723 2656 2789 absurditatem
2716 2746 2798 2789 ne

589 2830 821 2894 iniuria
865 2827 1161 2894 videatur
1206 2829 1559 2894 obtrusisse
1593 2827 1958 2905 Platonicis,
2005 2828 2338 2893 confessus
2373 2833 2686 2893 neminem
2724 2848 2799 2893 ex

589 2935 670 2999 iia
709 2937 799 2999 ita
844 2937 1170 2999 censuisse
1213 2931 1295 2998 de
1335 2933 1687 3001 unitatibus
1728 2952 2133 2997 numerorum
2173 2931 2486 3009 idealium,
2533 2956 2607 2997 ex
2642 2936 2798 3019 ipsis

589 3049 801 3104 tamen
860 3057 1078 3102 eorum
1138 3039 1465 3124 principiis
1524 3046 2021 3103 consentaneum
2072 3058 2216 3102 esse
2258 3041 2356 3102 sio
2397 3040 2585 3103 statui
2630 3058 2800 3102 com·

586 3139 838 3228 probat,
879 3142 1233 3207 ass-bl.
1324 3141 1539 3227 Quum
1601 3142 1766 3205 enim
1812 3143 2135 3226 primam
2183 3151 2431 3227 ponant
2474 3145 2797 3219 unitatem,

586 3247 914 3331 primam
970 3242 1334 3309 dualitatem
1394 3254 1461 3310 et
1512 3246 1607 3309 sic
1662 3242 1945 3330 reliquos
2003 3265 2301 3310 numeros
2353 3250 2683 3332 primoS,
2740 3246 2795 3310 si

588 3349 852 3413 omnino
897 3346 1129 3413 volunt
1169 3347 1554 3415 vocabulum
1601 3351 1834 3436 primi
1882 3371 2056 3414 suam
2103 3349 2343 3415 habere
2380 3352 2508 3414 vim
2545 3372 2622 3415 ac
2655 3371 2797 3415 sen-

587 3453 868 3532 tentiam,
909 3450 1149 3519 alteros
1195 3456 1383 3518 etiam
1427 3475 1503 3518 ac
1545 3455 1770 3519 tertios
1815 3474 2115 3519 numeros
2156 3452 2517 3519 concedere
2561 3474 2797 3542 cogen-

588 3567 706 3635 tur,
751 3576 914 3644 quos
959 3577 1095 3623 non
1136 3557 1368 3624 volunt
1407 3577 1566 3636 esse,
1605 3559 1863 3635 bl-G,
1902 3558 2165 3622 8—10.
2242 3557 2470 3643 (Quae
2511 3560 2795 3644 interpo-

584 3662 681 3726 nit
711 3661 821 3725 Ar.
856 3663 941 3726 &6
978 3656 1123 3748 ἅμα
1159 3698 1242 3710 ·-
1280 3663 1324 3727 8
1360 3657 1711 3738 ἀδύνατον,
1754 3681 1889 3725 non
1934 3659 2234 3726 videntur
2275 3661 2357 3727 ad
2398 3665 2594 3748 ipsam
2630 3662 2794 3727 banc

583 3768 1195 3854 argumentationem
1250 3768 1603 3854 pertinere,
1657 3763 1773 3830 sed
1824 3775 2043 3831 monet
2087 3764 2191 3829 Ar.
2238 3769 2295 3830 si
2336 3768 2478 3852 qius
2523 3776 2673 3851 post
2713 3759 2793 3831 τὸ

583 3865 824 3935 αὐτῶν
861 3871 1138 3935 unitates
1180 3879 1387 3957 ponat
1427 3871 1693 3957 primata
1736 3879 1807 3935 et
1845 3867 2185 3935 secundam
2230 3880 2382 3949 cet„
2445 3891 2587 3935 eum
2636 3890 2793 3937 sane

584 3970 952 4038 dualitatem
984 3994 1122 4039 non
1151 3994 1347 4061 posse
1381 3973 1595 4040 dicere
1632 3977 1911 4061 primam,
1948 3972 2027 4041 cf.
2063 3972 2145 4039 ad
2176 3975 2584 4057 aza-29.)
2640 3974 2788 4059 Qua

581 4078 656 4141 in
694 4078 1186 4144 ratiocinatione
1221 4086 1431 4145 utrum
1468 4077 1768 4145 abutatur
1798 4079 1906 4144 Ar.
1941 4077 2260 4147 vocabulo
2294 4081 2571 4165 πρῶτος,
2614 4100 2789 4145 usur·

582 4190 739 4269 pato
784 4202 824 4246 a
867 4178 1215 4248 Platonicis
1270 4182 1352 4248 ad
1405 4180 1894 4271 significandum
1950 4180 2044 4260 id,
2102 4180 2277 4269 quod
2318 4203 2438 4270 per
2479 4202 2552 4247 se
2596 4185 2679 4248 sit
2723 4193 2789 4247 et

579 4284 895 4365 absolute,
946 4308 1032 4352 an
1071 4289 1198 4374 ipsi
1237 4285 1557 4352 Platonici
1600 4286 1751 4353 huic
1792 4288 2291 4372 consequentiae
2333 4306 2552 4352 ansam
2597 4285 2789 4352 dede-

580 4391 738 4468 rint,
794 4389 1060 4456 difficile
1105 4399 1206 4456 est
1250 4389 1626 4468 decernere,
1682 4412 1874 4477 quum
1931 4394 2361 4479 impugnatam
2407 4393 2786 4461 senteutiam

580 4512 718 4560 non
759 4491 1021 4562 aliunde
1063 4496 1430 4562 noverimus
1473 4496 1601 4561 nisi
1644 4515 1722 4562 ex
1764 4506 1928 4564 teate
1970 4492 2357 4563 adversario.
