3109 5175
596 322 743 399 480
1417 330 1497 399 A
1546 323 1616 399 4.
1698 325 1966 400 107012.

599 522 739 567 esse
784 500 863 566 ab
912 522 987 565 ea
1030 522 1130 579 re,
1175 523 1336 588 quae
1379 500 1531 567 inde
1579 502 1944 581 conficitur,
1994 503 2190 570 veluti
2236 503 2456 569 literae
2502 503 2794 570 diversae

596 617 745 671 sunt
789 627 824 670 a
868 604 1118 693 syllaba
1165 626 1240 669 ex
1283 609 1359 670 iis
1405 610 1776 693 composita,
1821 608 1901 672 cf.
1943 609 2006 671 Z
2038 610 2141 674 17.
2185 610 2386 674 104112
2416 608 2520 673 12.
2611 610 2791 696 Ergo

594 712 650 775 si
694 712 1047 775 communia
1091 721 1303 774 essent
1347 713 1806 798 categoriarum
1851 715 2128 779 omnium
2174 711 2513 791 elementa,
2571 733 2796 777 conse-

595 836 797 902 quens
843 827 1012 879 esset
1054 816 1277 896 (ἔσται
1316 817 1418 894 ὀΘ,
1463 815 1577 880 fut.
1626 813 2086 894 conditionale,
2130 817 2209 881 cf.
2244 817 2409 883 obs.
2452 840 2518 903 p.
2549 816 2675 896 62)
2718 826 2794 881 ut

593 918 835 984 nullum
881 941 956 984 ex
1002 919 1096 982 his
1142 917 1467 984 elementis
1513 916 1772 999 (αὐτῶν
1805 921 1909 997 ὂ9,
1954 922 1994 983 i.
2029 940 2081 984 e.
2129 922 2258 986 τῶν
2296 921 2630 1005 στοιχείων
2664 921 2791 1000 ⁶5)

591 1022 700 1088 vel
743 1023 1091 1089 substantia
1132 1031 1300 1087 esset
1335 1021 1440 1087 vel
1481 1022 1827 1089 relativum.
1904 1025 1989 1089 At
2023 1024 2150 1089 hoc
2188 1045 2449 1089 necesse
2486 1034 2597 1098 est,
2643 1025 2791 1110 quia

594 1139 767 1194 extra
810 1128 969 1194 haec
1006 1149 1242 1216 genera
1283 1125 1511 1192 cadere
1549 1126 1709 1192 nihil
1744 1139 1977 1215 potest,
2022 1129 2100 1193 cf.
2138 1127 2220 1193 ad
2256 1131 2359 1194 bl.
2437 1128 2614 1216 Ergo
2652 1148 2791 1192 non

592 1242 743 1298 sunt
797 1232 1018 1297 eadem
1072 1252 1280 1295 rerum
1338 1233 1616 1296 omnium
1664 1231 1996 1297 elementa.
2042 1271 2128 1283 —
2185 1234 2349 1298 Huic
2392 1240 2790 1319 argumenta-

591 1338 753 1400 tioni
794 1338 1162 1422 interponit,
1200 1338 1281 1401 ⁶7
1331 1331 1479 1400 οὐδὲ
1515 1333 1597 1415 δὴ
1640 1371 1720 1386 —-
1759 1338 1803 1402 8
1844 1337 2203 1413 συνθέτων,
2249 1357 2323 1401 ex
2360 1335 2482 1402 hac
2516 1335 2790 1400 elemen—

592 1450 798 1504 torum
843 1461 918 1504 ac
959 1461 1167 1505 rerum
1213 1438 1362 1503 inde
1409 1438 1839 1505 confectarum
1886 1440 2250 1505 diversitate
2307 1438 2527 1528 colligi
2577 1460 2789 1525 posse,

589 1565 727 1609 non
769 1565 909 1609 esse
944 1566 1132 1608 unam
1173 1566 1220 1624 e·
1243 1542 1437 1608 rebus
1483 1543 1937 1633 cogitabilibus
1974 1564 2307 1610 commune
2342 1547 2619 1627 omnium
2659 1542 2789 1609 ele·
2878 1585 2881 1588 -

588 1658 883 1725 mentum,
927 1647 1126 1713 veluti
1167 1640 1244 1712 τὸ
1293 1640 1373 1712 ὅν
1415 1646 1521 1712 vel
1567 1643 1644 1714 τὸ
1690 1653 1775 1726 ἓν,
1821 1652 1966 1734 quia
2011 1646 2312 1734 quidquid
2359 1669 2435 1714 ex
2480 1648 2577 1712 his
2618 1668 2788 1712 com-

588 1756 862 1840 ponitur,
908 1764 973 1817 et
1016 1757 1219 1841 ipsum
1266 1773 1378 1817 ens
1425 1762 1523 1817 est
1565 1763 1634 1817 et
1676 1774 1900 1827 unum;
1955 1752 2034 1816 cf.
2081 1752 2347 1818 eandem
2390 1762 2787 1840 argumenta-

588 1861 827 1923 tionem
872 1857 1128 1923 uberius
1174 1859 1522 1943 expositam
1550 1855 1620 1921 B
1649 1859 1709 1922 3.
1742 1858 1905 1923 998⁶
1929 1857 2017 1920 22
2062 1865 2128 1920 et
2171 1855 2250 1921 ad
2287 1856 2349 1920 h.
2378 1855 2422 1921 l.
2495 1858 2785 1943 Interpo-

587 1964 704 2027 sita
751 1962 908 2026 haec
947 1960 1144 2026 verba
1191 1983 1331 2027 esse
1370 1971 1684 2048 tamquam
1721 1963 1790 2026 in
1824 1959 2204 2048 parenthesi,
2246 1970 2550 2027 attentum
2586 1960 2785 2025 lecto-

587 2088 718 2131 rem
762 2068 864 2130 vix
907 2075 1124 2153 potest
1167 2065 1420 2154 fugere3
1467 2068 1698 2131 etenim
1745 2086 1879 2130 non
1925 2086 2066 2130 esse
2111 2085 2225 2129 ens
2257 2064 2358 2129 vel
2389 2087 2581 2131 unum
2613 2087 2785 2130 com-

585 2191 777 2236 mune
805 2190 1015 2235 rerum
1046 2173 1321 2235 omnium
1355 2171 1751 2249 elementum,
1784 2168 1977 2255 plene
2010 2169 2107 2236 his
2142 2168 2352 2234 verbis
2386 2167 2782 2255 comprobat,

587 2284 652 2339 et
695 2274 934 2339 directa
975 2272 1135 2338 illud
1182 2272 1437 2359 quidem
1482 2277 2065 2362 argumentatioue;
2121 2275 2416 2360 proximis
2459 2283 2671 2338 autem
2712 2275 2783 2337 in

584 2378 798 2444 verbis
835 2376 1144 2443 indirecta
1183 2382 1732 2464 argumentatione
1772 2381 1981 2457 utitur,
2018 2376 2383 2454 ostendens
2424 2376 2576 2464 quid
2613 2387 2783 2442 esset

586 2491 1097 2560 consecuturum,
1158 2485 1448 2546 nimirum
1508 2485 1563 2546 si
1620 2503 2005 2570 poneremus
2062 2485 2414 2548 communia
2472 2480 2778 2567 quaedam

586 2609 726 2653 esse
784 2592 1246 2676 categoriarum
1303 2585 1645 2665 elementa,
1706 2587 2044 2654 observata
2100 2584 2285 2652 simul
2328 2584 2437 2650 illa
2484 2584 2778 2650 elementi

587 2702 654 2757 et
693 2695 787 2757 rei
831 2691 982 2757 inde
1028 2703 1207 2759 ortae
1250 2692 1638 2758 diversitate.
1713 2693 2062 2779 Propterea
2097 2712 2231 2757 non
2268 2711 2525 2776 possum
2566 2710 2780 2753 assen-

584 2799 686 2860 tiri
719 2794 1080 2862 Alexandro
1122 2806 1186 2861 et
1211 2796 1436 2875 Schvv„
1482 2800 1591 2882 qui
1624 2797 1783 2861 haec
1814 2797 2009 2863 verba
2043 2797 2155 2861 ⁶8:
2202 2791 2407 2860 οὐθὲν
2453 2787 2559 2879 ἄρ’
2596 2794 2781 2857 ἔσται

583 2902 982 2988 coniungunt
1026 2922 1166 2965 cum
1211 2904 1310 2979 iis,
1333 2922 1495 2986 quae
1537 2903 1823 2986 proxime
1867 2899 2266 2977 antecedunt,
2318 2907 2382 2962 et
2424 2893 2640 2963 αὐτῶν
2684 2900 2778 2961 in-

582 3014 1011 3090 terpretantur
1053 3006 1184 3069 τῶν
1228 3006 1569 3070 συνθέτων
1607 3005 1713 3068 ⁶8.

713 3108 795 3171 ⁶3
840 3104 1188 3172 Articulum
1230 3102 1308 3172 τὸ
1355 3128 1465 3171 cur
1517 3110 1865 3186 omiserim,
1922 3108 2187 3193 exposui
2232 3104 2395 3174 obs.
2441 3129 2507 3191 p.
2537 3108 2642 3171 53.
2689 3141 2774 3154 —

580 3211 659 3274 ⁶7
707 3218 1029 3294 στοιχεῖον
1077 3210 1284 3276 Schw.
1343 3234 1483 3277 cum
1540 3210 1684 3283 cod.
1728 3210 1800 3277 E
1854 3221 1918 3276 et
1961 3209 2139 3276 Alex.
2196 3213 2421 3276 mutari
2475 3210 2655 3276 iubet
2708 3211 2775 3275 in

581 3315 931 3398 στοιχείων.
1021 3313 1153 3379 Sed
1208 3336 1416 3403 neque
1461 3314 1887 3381 Alexandrum
1945 3314 2179 3404 legisse
2236 3316 2569 3399 στοιχείων
2624 3316 2775 3379 satis

583 3428 819 3483 certum
859 3429 958 3484 est
993 3441 1065 3485 ex
1108 3422 1242 3485 eius
1278 3423 1750 3500 commentario,
1783 3443 1846 3506 p·
1872 3421 2019 3497 652,
2048 3419 2153 3498 28,
2190 3439 2398 3505 neque
2432 3439 2592 3505 quae
2627 3438 2776 3505 pos-

577 3524 664 3587 sit
705 3526 866 3588 iusta
915 3545 1054 3588 esse
1092 3526 1412 3590 enunciati
1443 3525 1864 3592 conformatio
1894 3535 2151 3611 recepta
2181 3523 2303 3591 hac
2327 3522 2605 3589 lectione
2635 3543 2776 3610 per-

577 3628 802 3713 spicio.
905 3629 1213 3693 Nimirum
1269 3628 1526 3717 vulgata
1585 3632 1672 3694 ita
1731 3626 1981 3694 videtur
2037 3626 2432 3713 accipienda:
2491 3624 2640 3693 οὑδὲ
2692 3619 2773 3706 δὴ

578 3732 708 3796 τῶν
750 3734 1005 3811 νοητῶν
1049 3756 1111 3797 τι
1154 3728 1476 3819 στοιχεῖόν
1519 3738 1715 3799 ἐστιν.

708 3833 788 3915 b)
837 3838 1184 3902 blo—21.
1289 3836 1490 3921 Quod
1543 3838 1869 3923 hucusque
1926 3835 2382 3901 demonstravit
2442 3856 2578 3900 non
2633 3856 2772 3899 esse

579 3941 859 4004 omnium
915 3961 1122 4005 rerum
1182 3939 1402 4006 eadem
1460 3939 1800 4019 elementa,
1854 3943 1975 4005 iam
2036 3941 2300 4004 artiores
2355 3941 2422 4003 in
2466 3937 2631 4003 fines
2672 3960 2771 4002 re-

577 4043 832 4129 stringit
875 4037 959 4123 (ἤ
998 4047 1146 4124 ῠ11,
1191 4044 1273 4110 de
1318 4067 1437 4131 qua
1482 4054 1645 4132 part.
1693 4043 1772 4108 cf.
1817 4042 1898 4108 ad
1947 4044 2008 4108 Z
2046 4045 2107 4108 4.
2152 4044 2356 4107 102912
2391 4045 2506 4118 29;
2558 4037 2771 4128 ὥσπερ

575 4145 866 4230 λέγομεν,
904 4147 982 4212 cf.
1021 4149 1216 4230 ⁶32),
1259 4159 1331 4214 ut
1374 4147 1846 4235 quodammodo
1892 4146 2113 4213 eadem
2159 4150 2436 4214 omnium
2479 4167 2619 4212 esse
2662 4145 2773 4212 do·

576 4260 745 4329 ceat‚
798 4249 1104 4338 siquidem
1164 4254 1437 4316 cuiusvis
1480 4254 1575 4316 rei
1622 4250 1931 4318 elementa
1978 4263 2088 4318 aut
2130 4251 2375 4318 formae
2417 4262 2526 4317 aut
2567 4254 2771 4339 priva-

576 4353 769 4417 tionis
814 4365 924 4419 aut
968 4357 1266 4420 materiae
1311 4354 1428 4420 sub
1473 4376 1678 4444 genus
1723 4355 1975 4423 cadunt.
2052 4358 2323 4422 Formae
2351 4355 2636 4443 exempla
2666 4354 2770 4421 ad-

576 4455 751 4522 hibet
793 4453 1049 4545 λευκόν,
1094 4459 1263 4546 φῶς,
1309 4453 1602 4548 θερμόν,
1646 4463 2020 4547 privationis
2062 4462 2302 4546 μέλαν,
2346 4455 2600 4541 σκότος,
2641 4474 2769 4549 ψυ-
