3109 5175
1164 375 1240 446 Γ
1277 374 1347 448 3.
1429 349 1617 449 100‘5
1636 373 1700 448 b.
2394 375 2535 452 187

324 559 537 617 autem
582 551 715 616 sint
754 558 1087 636 praeterea
1130 548 1485 616 adiicienda
1529 548 1614 615 ad
1660 549 2201 617 determinandum
2247 561 2314 618 et
2354 547 2537 621 accu-

323 666 467 720 rate
523 652 1158 720 circumscribendum
1215 654 1379 720 illud
1441 657 1621 741 quasi
1677 665 1976 739 punctum
2022 654 2402 737 identitatis,
2460 680 2537 723 ex

324 757 490 824 locis
536 761 828 846 cognatis
870 761 1144 844 perspici
1187 767 1420 845 potest,
1466 761 1576 844 qui
1618 769 1769 823 sunt
1803 757 1886 824 de
1925 758 2431 826 contradictione
2470 772 2536 826 et

327 862 411 928 de
458 861 846 928 deductione
891 861 975 927 ad
1020 860 1381 928 absurdum.
1455 862 1657 988 Soph.
1704 862 1784 927 el.
1824 865 1886 929 5.
1930 867 2094 930 1671:
2119 866 2232 929 23:
2279 865 2535 951 ἔλεγχος

322 967 448 1051 μὲν
489 962 617 1051 γὰρ
665 962 1022 1056 ἀντίφασις
1063 969 1184 1032 τοῦ
1224 962 1431 1031 αὐτοῦ
1472 968 1588 1032 καὶ
1629 962 1804 1044 ἑνός,
1846 961 1942 1052 μὴ
1990 964 2319 1052 ὀνόματος
2361 962 2534 1034 ἀλλὰ

322 1064 747 1159 πράγματος,
802 1071 916 1135 καὶ
970 1063 1301 1153 ὀνόματος
1352 1063 1446 1153 μὴ
1502 1065 1887 1153 συνωνύμου
1934 1063 2108 1136 ἀλλὰ
2150 1075 2269 1138 τοῦ
2313 1069 2534 1151 αὐτοῦ,

324 1209 414 1223 -
444 1195 617 1238 κατα
650 1167 853 1239 ταὺτὸ
887 1174 1000 1238 καὶ
1034 1166 1203 1259 πρὸς
1243 1165 1446 1238 ταύτὸ
1489 1176 1604 1238 καὶ
1638 1168 1944 1250 ὡσαύτως
1976 1176 2090 1240 καὶ
2124 1179 2195 1240 ἐν
2229 1177 2321 1259 τῷ
2355 1172 2535 1259 αὐτῷ

317 1271 560 1364 χρόνῳ.
655 1275 737 1342 de
792 1279 1055 1370 interpr.
1113 1278 1176 1342 6.
1235 1279 1357 1343 170
1405 1278 1521 1343 34:
1581 1277 1745 1356 λέγω
1808 1273 1867 1341 δ’
1925 1274 2347 1345 ἀντικεῖσθαι
2410 1273 2537 1358 τὴν

324 1381 451 1446 τοῦ
493 1377 700 1446 αὐτοῦ
741 1376 913 1445 κατὰ
955 1381 1077 1446 τοῦ
1119 1376 1327 1447 αὑτοῦ
1366 1374 1460 1464 μὴ
1504 1374 1853 1466 ὁμονύμως
1895 1381 1985 1460 δέ,
2033 1384 2145 1448 καὶ
2188 1377 2320 1448 ὅσα
2361 1380 2535 1447 ἄλλα

325 1486 461 1550 τῶν
514 1478 834 1549 τοιούτων
887 1480 1501 1571 προσδιοριζόμεθα
1566 1477 1771 1570 πρὸς
1832 1478 1979 1563 τὰς
2037 1479 2536 1576 σοφιστικὰς

328 1582 841 1673 ἐνοχλήσας,
885 1587 1060 1675 quod
1105 1588 1232 1653 hoc
1274 1587 1424 1654 loco
1463 1588 1619 1654 dicit
1652 1582 1821 1674 πρὸς
1853 1583 1975 1666 τὰς
2008 1582 2272 1673 λογικὰς
2306 1591 2535 1674 δυσχε-

328 1693 514 1778 ρείας
555 1693 616 1756 b.
646 1714 702 1758 e.
746 1715 833 1759 ne
875 1693 1192 1780 sophistis,
1238 1691 1564 1779 descripto
1609 1714 1828 1780 parum
1872 1703 2164 1759 accurate
2201 1696 2533 1780 principio,

329 1800 736 1862 occasionem
780 1796 1203 1885 praebeamus
1240 1800 1573 1884 speciosae
1607 1797 2031 1863 refutationis.
2096 1799 2223 1863 Eas
2262 1796 2537 1863 difficul-

327 1909 521 1979 tates,
588 1923 743 1987 quas
809 1902 1133 1968 facessunt
1196 1904 1492 1989 principii
1553 1901 2079 1969 contradictionis
2135 1902 2533 1982 infitiatores,

330 2002 506 2090 quod
563 2001 905 2089 λογικάς
959 2006 1272 2094 appellat,
1339 2004 1733 2071 conferenda
1792 2017 1941 2071 sunt
1995 2027 2157 2092 quae
2213 2005 2297 2072 de
2352 2008 2533 2071 vario

329 2107 517 2174 huius
560 2108 857 2174 vocabuli
901 2132 1022 2176 usu
1053 2107 1462 2176 Aristotelico
1510 2119 1659 2195 apte
1704 2107 1971 2197 collegit
2013 2119 2078 2174 et
2116 2108 2395 2175 dilucide
2435 2132 2535 2175 ex-

327 2216 551 2299 posuit
578 2215 807 2279 Waitz
838 2214 1000 2303 Org.
1032 2215 1111 2278 11.
1149 2238 1214 2300 p.
1245 2214 1379 2279 353
1408 2233 1542 2299 sqq.
1618 2213 1714 2278 Ex
1758 2212 1919 2278 locis
1964 2212 2050 2278 ibi
2096 2212 2382 2279 collectis
2426 2236 2536 2299 ap-

328 2327 547 2404 paret,
600 2339 737 2383 non
787 2322 995 2384 minus
1040 2316 1169 2382 late
1209 2326 1434 2404 patere
1478 2340 1660 2383 usum
1706 2317 2005 2383 adiectivi
2046 2314 2306 2402 λογικός
2348 2340 2534 2404 quam

332 2424 499 2500 eius,
558 2421 730 2487 unde
775 2425 1079 2501 manavit,
1136 2420 1515 2487 substantivi
1559 2417 1774 2507 λόγος,
1818 2446 1938 2510 qua
1985 2423 2239 2510 quidem
2282 2442 2537 2508 compa-

329 2529 584 2593 ratione
627 2524 731 2592 vel
779 2547 851 2591 ea
899 2535 1204 2614 poterunt
1248 2524 1605 2607 conciliari,
1650 2549 1811 2615 quae
1854 2531 2022 2595 inter
2064 2549 2134 2595 se
2177 2546 2535 2616 repugnare

329 2630 688 2696 videantur.
755 2631 841 2695 Et
882 2632 1008 2696 boc
1052 2629 1304 2717 quidem
1339 2630 1491 2697 loco
1523 2633 1786 2716 λογικαὶ
1814 2633 2179 2719 δυσχέρειαι
2203 2652 2319 2697 eae
2348 2638 2536 2696 erunt

331 2735 838 2801 adversariorum
884 2739 1497 2824 argumentationes,
1544 2759 1707 2823 quae
1750 2758 1884 2803 non
1932 2760 2006 2803 ex
2050 2740 2191 2824 ipsa
2233 2738 2327 2802 rei
2370 2735 2536 2800 refu-

331 2839 566 2906 tandae
596 2851 838 2918 natura,
866 2839 981 2905 sed
1012 2842 1198 2905 unice
1227 2843 1298 2904 ἑκ
1329 2841 1462 2905 τῶν
1494 2836 1712 2925 λόγων
1740 2844 1978 2928 petitae
2009 2850 2176 2918 sunt,
2211 2842 2254 2904 i.
2280 2860 2332 2904 e.
2364 2836 2535 2917 inde,

334 2943 510 3031 quod
563 2947 631 3008 in
691 2942 962 3009 formula
1021 2945 1319 3030 principii
1371 2941 1677 3009 identitas
1737 2955 1805 3010 et
1857 2949 1954 3010 rei
2008 2957 2073 3010 et
2122 2945 2424 3029 temporis
2470 2951 2537 3007 et

332 3046 754 3135 reliquorum,
813 3069 976 3135 quae
1027 3059 1300 3134 possunt
1342 3051 1408 3113 in
1456 3069 1711 3114 censum
1755 3052 2006 3128 venire,
2060 3070 2194 3114 non
2229 3051 2391 3113 satis
2435 3068 2537 3112 ac-

333 3156 566 3219 curatis
597 3155 928 3217 notionum
966 3151 1200 3219 finibus
1232 3155 1695 3240 circumscripta
1728 3166 1852 3231 est;
1899 3154 1977 3219 cf.
2015 3155 2275 3236 λογικαὶ
2310 3153 2537 3237 δυσχέ·

333 3279 504 3344 ρειαι
548 3255 735 3321 simili
780 3255 1250 3346 significatione
1297 3259 1376 3323 N
1404 3260 1462 3322 1.
1513 3260 1717 3325 108Ἱὸ
1739 3260 1846 3324 20.
1922 3260 2062 3324 Nec
2106 3279 2262 3324 vero
2308 3257 2420 3323 abs
2464 3277 2536 3321 re

336 3364 471 3439 erit,
515 3364 567 3426 si
616 3364 756 3448 quis
799 3352 1069 3445 λογιόιὰς
1112 3361 1485 3448 δυσχερείας
1528 3361 1656 3427 hoc
1699 3361 1848 3428 loco
1895 3384 2003 3429 eas
2044 3365 2361 3450 putaverit
2394 3360 2536 3440 dici,

336 3486 497 3552 quae
542 3462 745 3550 λόγου
782 3461 982 3552 χάριν
1023 3467 1330 3549 λέγονται
1371 3466 1435 3529 5.
1484 3467 1692 3530 1009a
1728 3468 1835 3530 21.
1885 3503 1964 3518 —-
2019 3465 2321 3533 Ceterum
2365 3468 2538 3551 prin-

336 3572 565 3655 cipium
613 3569 1134 3636 contradictionis
1180 3568 1367 3657 quale
1407 3568 1781 3635 Aristoteles
1822 3574 2177 3656 proposuit,
2223 3568 2373 3655 quid
2418 3567 2537 3633 dif-

335 3672 499 3739 ferat
553 3674 633 3739 ab
693 3695 768 3739 ea
827 3674 1030 3739 forma
1085 3675 1271 3741 huius
1329 3675 1654 3759 principii,
1710 3695 1873 3761 quae
1916 3677 1986 3739 in
2029 3674 2239 3762 logica
2286 3670 2538 3737 formali

335 3777 800 3866 frequentatur,
858 3777 1044 3843 facile
1091 3789 1188 3844 est
1229 3779 1475 3855 videre;
1533 3778 1910 3845 Aristoteles
1965 3782 2128 3843 enim
2176 3777 2257 3843 de
2299 3776 2536 3842 rebus

336 3884 500 3970 agit,
542 3881 756 3970 logica
802 3881 1084 3949 formalis
1131 3882 1212 3948 de
1256 3884 1739 3949 notionibus
1784 3885 2009 3965 (notio
2050 3882 2114 3947 A
2160 3891 2257 3947 est
2298 3880 2376 3962 A,
2428 3900 2538 3946 ne-

336 4009 460 4074 que
519 3998 618 4051 est
673 3986 895 4053 eadem
954 4008 1029 4051 ac
1084 3991 1270 4053 notio
1328 3988 1695 4072 non—A).
1784 3989 2012 4074 Neque
2056 3987 2180 4051 hoc
2224 3984 2395 4051 aliud
2443 3994 2538 4050 est

337 4089 702 4171 discrimen,
759 4114 942 4180 quam
1001 4113 1131 4178 quo
1190 4095 1452 4158 omnino
1511 4092 1725 4181 logica
1771 4090 2173 4157 Aristotelica
2230 4112 2268 4157 a
2326 4088 2536 4177 logica

335 4216 488 4260 vere
535 4197 782 4262 formali
818 4199 1173 4284 seiungitur
1208 4196 1490 4275 (Trend.
1525 4196 1624 4263 El.
1656 4196 1788 4284 log.
1821 4195 1881 4282 ἓ.
1913 4198 2018 4262 63.
2052 4199 2259 4274 not.);
2305 4196 2375 4258 in
2405 4213 2535 4279 quo

339 4297 701 4366 discrimine
760 4312 964 4367 utrum
1022 4303 1214 4365 virtus
1267 4311 1562 4367 cernatur
1604 4301 2049 4388 philosophiae
2096 4295 2538 4364 Aristotelicae

337 4403 685 4483 (Trcndel.
742 4404 876 4494 log.
923 4407 1179 4471 Unters.
1231 4403 1280 4469 1.
1337 4428 1398 4491 p.
1445 4407 1531 4472 18
1576 4407 1753 4493 sqq.)
1812 4428 1892 4470 an
1948 4408 2164 4471 vitium
2223 4402 2540 4483 (Herbart

335 4507 508 4575 Einl.
553 4513 621 4575 in
667 4509 728 4575 d.
774 4509 1013 4576 Philos.
1056 4509 1114 4596 ἓ.
1153 4510 1346 4592 391),
1390 4531 1525 4576 non
1570 4521 1668 4575 est
1710 4512 1895 4576 huius
1940 4508 2068 4575 loci
2114 4527 2436 4596 quaerere.

475 4616 677 4681 10051»
701 4615 790 4680 23
835 4610 1277 4703 διορισμόν
1322 4614 1400 4681 cl'.
1453 4615 1511 4681 Θ
1548 4617 1609 4681 5.
1663 4615 1868 4688 1048..
1892 4616 1951 4695 2,
1996 4616 2102 4679 20.
2163 4614 2332 4697 Top.
2362 4610 2428 4672 V
2471 4611 2534 4674 3.
