3109 5175
601 400 748 477 420
1446 405 1493 473 I
1530 398 1604 473 2.
1683 398 1951 474 105311.

599 582 748 645 tiam
793 597 1132 644 sensumve
1177 575 1417 663 aliquid
1461 579 1936 666 cognoscimus;
1982 577 2355 663 ceteroquin
2394 576 2561 641 enim
2597 577 2811 641 omnia

595 682 787 771 plane
836 684 1173 747 contraria.
1263 683 1429 746 Nam
1475 682 1772 767 quoniam
1818 683 2081 745 scientia
2125 701 2258 745 non
2305 679 2546 760 definit,
2590 679 2813 765 quales

599 809 704 852 res
750 789 890 864 sint,
941 783 1056 849 sed
1102 794 1320 850 contra
1369 783 1451 849 ad
1495 806 1708 849 rerum
1753 793 2037 848 naturam
2084 792 2319 848 certam
2363 785 2487 848 iam
2533 805 2608 847 ac
2652 782 2815 848 defi-

598 893 793 955 nitam
840 910 982 954 sese
1028 886 1510 954 accommodare
1556 887 1750 953 debet
1792 897 1864 952 ut
1905 890 2233 952 veritatem
2272 898 2648 972 assequatur
2686 880 2819 969 (cf.⁶

605 994 664 1059 Θ
705 996 807 1059 10.
858 994 1062 1058 10516
1092 994 1193 1072 6),
1236 1013 1339 1056 res
1384 995 1601 1078 potius
1647 994 1949 1056 scientiae
1995 990 2285 1056 dicantur
2326 1013 2621 1057 mensura
2667 1011 2815 1056 esse

599 1118 785 1183 quam
833 1098 1096 1161 scientia
1143 1116 1369 1160 rerum.
1446 1094 1681 1161 Similis
1725 1098 1924 1182 igitur
1965 1094 2070 1159 bic
2113 1104 2212 1158 est
2255 1093 2487 1160 abusus
2531 1096 2813 1158 nominis

600 1220 969 1278 mensurae,
1011 1219 1087 1262 ac
1130 1201 1184 1261 si
1228 1196 1548 1277 videmur,
1605 1208 1678 1262 ut
1718 1206 1865 1262 utar
1911 1197 2318 1263 Aristotelico
2368 1195 2656 1284 exemplo
2700 1218 2817 1284 pa-

600 1325 737 1368 rum
782 1302 897 1367 illo
947 1300 1203 1388 quidem
1246 1301 1517 1366 feliciter
1562 1299 1866 1380 adhibito,
1910 1304 2033 1387 ipsi
2079 1322 2201 1366 nos
2238 1322 2655 1380 mensurasse,
2702 1299 2815 1366 ubi

602 1408 943 1470 mensurati
988 1408 1205 1491 potius
1251 1427 1464 1470 sumus
1509 1404 1639 1469 alio
1685 1425 2040 1469 mensuram
2091 1403 2279 1468 nobis
2322 1403 2662 1481 afferente3
2719 1406 2815 1469 vi·

603 1508 828 1574 demur
874 1518 1083 1573 autem
1129 1511 1253 1595 ipsi
1297 1530 1420 1573 nos
1475 1528 1908 1586 mensurasse,
1965 1511 2264 1594 quoniam
2321 1511 2445 1594 ipsi
2504 1510 2817 1595 cognovi-

600 1633 740 1677 mus
795 1611 1293 1699 magnitudinem
1347 1622 1645 1677 nostram.
1696 1648 1777 1662 —-
1836 1612 2232 1698 Protagorae
2273 1632 2435 1677 vero
2478 1631 2634 1689 vox,
2690 1604 2815 1675 ἄν·

602 1718 884 1803 θρωπος
922 1710 1233 1781 ἁπάντων
1270 1719 1512 1801 μέτρον
1551 1715 1672 1796 (cf.
1705 1714 1786 1779 ad
1814 1715 1883 1779 Γ
1905 1717 1966 1780 5.
1999 1717 2211 1779 10090
2233 1717 2317 1795 6)
2350 1735 2423 1778 re
2458 1735 2611 1777 vera
2650 1712 2815 1777 nihil

603 1817 1067 1895 absconditum,
1098 1817 1255 1882 nihil
1285 1820 1542 1905 sapiens
1572 1813 1932 1903 (περιττόν,
1970 1817 2045 1883 cf.
2070 1816 2231 1882 Plat.
2257 1818 2517 1882 Axioch.
2544 1841 2604 1904 p.
2623 1819 2815 1882 37οο

601 1932 671 1987 et
713 1919 795 1986 ad
834 1923 906 1986 A
942 1924 1005 1986 2.
1051 1922 1221 1987 9831:
1251 1923 1315 1986 2.
1372 1922 1605 1986 Waitz
1642 1922 1805 2009 Org.
1848 1922 2012 1986 118⁶
2036 1923 2098 1985 6.
2148 1922 2306 1986 1416
2332 1921 2459 1999 13)
2506 1924 2813 1998 continet,

602 2025 721 2090 sed
766 2024 937 2089 illam
983 2028 1178 2112 ipsam
1228 2024 1549 2112 eloquitur
1592 2028 1968 2090 sententiam
2014 2046 2237 2110 parum
2283 2045 2513 2104 veram,
2556 2046 2812 2091 sensum

603 2150 745 2195 esse
789 2150 1145 2194 mensuram
1188 2150 1418 2194 rerum.

737 2234 942 2299 10536
992 2233 1036 2297 4
1090 2227 1180 2297 τὸ
1238 2234 1362 2299 ἐνὶ
1419 2228 1661 2310 εἶναι,
1722 2230 1896 2317 quod
1956 2235 2192 2317 primus
2249 2229 2486 2297 Brand.
2547 2233 2817 2296 mutavit

603 2339 671 2401 in
727 2331 805 2401 τὸ
863 2336 933 2400 ἓν
991 2330 1186 2413 εἶναι,
1243 2335 1492 2413 reduxi,
1549 2345 1805 2401 secutus
1862 2346 1927 2400 et
1972 2334 2316 2401 Alexandri
2372 2337 2812 2401 auctoritatem

601 2463 668 2526 p.
693 2438 840 2516 584,
874 2440 959 2502 12
1004 2439 1126 2519 (cf.
1168 2437 1482 2503 Addenda
1523 2437 1605 2502 ad
1638 2439 1856 2521 Alex.)
1902 2451 1968 2505 et
2000 2439 2190 2505 codd.
2220 2438 2363 2503 ET
2399 2450 2813 2524 veterumque

516 2577 525 2587 ·
607 2543 959 2610 editionum
1002 2541 1215 2608 fidem.
1308 2544 1401 2606 Ac
1456 2542 1563 2608 vel
1619 2548 1757 2610 sine
1813 2545 1909 2610 his
1968 2547 2344 2611 testimoniis
2396 2542 2815 2631 reponendus

606 2657 744 2712 erat
789 2645 1066 2725 dativus,
1127 2650 1423 2735 quoniam
1485 2646 1565 2712 de
1624 2647 1989 2712 definienda
2034 2653 2301 2713 notione
2347 2652 2555 2737 agitur
2598 2641 2813 2730 (κατὰ

599 2744 681 2816 τὸ
728 2745 947 2835 ὄνομα
989 2747 1436 2840 ἀφορίζοντι),
1479 2750 1560 2818 cf.
1609 2752 1813 2817 10526
1852 2754 1955 2819 16.

1504 3004 1735 3082 CAP.
1802 3004 1898 3077 11.

748 3147 1075 3215 Unitatem
1118 3170 1252 3214 non
1293 3171 1440 3213 esse
1481 3147 1933 3230 substantiane,
1978 3149 2100 3215 sed
2139 3149 2493 3215 subiectam
2526 3147 2656 3213 sibi
2694 3147 2815 3214 lia-

607 3248 756 3315 bere
799 3250 1263 3332 substantiam,
1313 3254 1513 3320 10536
1555 3254 1599 3318 9
1621 3291 1696 3302 -
1717 3255 1832 3335 16,
1890 3253 2139 3319 duobus
2182 3255 2661 3324 demonstratur
2705 3277 2816 3318 ar·-

599 3357 952 3439 gamentis,
985 3358 1276 3441 primum
1320 3359 1477 3444 qaia
1519 3360 1741 3423 unitas
1784 3361 1961 3424 notio
2005 3369 2104 3424 eat
2146 3360 2538 3424 aniversalis
2575 3396 2665 3409 --
2697 3359 2811 3440 24,

607 3459 844 3523 deinde
888 3463 1045 3547 quia
1090 3463 1160 3524 in
1202 3460 1477 3548 reliquis
1510 3472 1781 3546 praeter
1822 3461 2251 3528 substantiam
2279 3466 2635 3548 categoriis
2662 3461 2814 3528 aab·

605 3565 832 3630 iicitw·
875 3566 1213 3651 quidpiam
1255 3567 1494 3632 unitate·
1526 3604 1617 3617 --
1654 3566 1862 3632 10540
1889 3569 1992 3636 13.
2068 3567 2283 3632 Unum
2324 3568 2496 3633 idem
2516 3566 2685 3653 scre
2719 3569 2812 3633 ei-

597 3671 883 3757 gnificat
926 3678 1122 3757 atque
1164 3690 1281 3732 cns
1327 3705 1409 3720 --
1452 3673 1610 3736 «219.

741 3789 1012 3855 105369
1056 3781 1261 3853 κατὰ
1305 3786 1389 3852 δὲ
1427 3824 1508 3840 --
1552 3790 1873 3855 1054a13
1911 3794 2008 3855 ἓν.
2077 3792 2309 3869 Unum,
2354 3785 2431 3856 τὸ
2467 3795 2553 3869 ἓν,
2593 3801 2808 3855 utrum

605 3913 729 3978 pro
788 3891 1143 3958 substantia
1199 3893 1284 3955 sit
1326 3890 1719 3973 habendum,
1775 3915 1936 3980 quae
1982 3894 2103 3960 fuit
2144 3895 2697 3984 Pythagoreorum
2744 3904 2812 3958 et

606 3994 897 4059 Platonis
941 3998 1283 4073 sententia,
1341 4016 1423 4060 an
1480 4018 1730 4083 semper
1771 3998 2123 4063 subiectum
2167 3998 2292 4064 sibi
2333 3998 2653 4085 quidpiam
2700 3998 2812 4062 ha-

605 4096 785 4177 beat,
842 4097 923 4163 de
970 4119 1098 4183 quo
1140 4097 1572 4185 praedicetur,
1631 4100 1712 4166 ad
1762 4102 2204 4187 inquirendum
2250 4114 2318 4168 et
2359 4105 2700 4190 proposuit
2743 4112 2812 4167 et

610 4200 942 4267 dialectice
981 4205 1050 4267 in
1087 4214 1415 4287 utramque
1448 4213 1695 4290 partem
1730 4204 2077 4292 disputavit
2112 4211 2181 4273 ἐν
2217 4215 2357 4308 τοῖς
2391 4201 2809 4292 διαπορήμα-

610 4325 718 4370 σιν
755 4308 903 4384 610,
946 4310 987 4370 i.
1021 4328 1075 4371 e.
1109 4305 1177 4369 B
1208 4308 1269 4370 4.
1307 4307 1516 4371 1001α
1539 4309 1839 4374 4-625,
1916 4313 2073 4375 Eam
2108 4315 2560 4396 quaestionem,
2594 4333 2810 4396 quam-

609 4429 795 4494 quam
839 4413 1173 4498 proposita
1216 4412 1280 4476 in
1327 4412 1759 4498 superioribus
1814 4417 2080 4480 notione
2129 4416 2385 4480 unitatis
2430 4417 2552 4478 iam
2597 4412 2809 4490 solvit,

611 4513 738 4577 hoc
780 4517 989 4600 capite
1030 4518 1120 4580 ita
1161 4525 1531 4601 pertractat,
1590 4527 1662 4583 ut
1706 4516 1951 4584 duabus
1996 4540 2149 4586 usus
2189 4518 2808 4596 ratiocinationibus,
