3109 5175
1176 379 1255 446 Z
1301 374 1410 446 ll.
1495 375 1682 451 1037
1696 399 1764 450 a.
2423 378 2563 454 341

365 548 567 633 Sopb.
598 546 805 614 2181).
852 548 1116 613 Theaet.
1151 550 1279 616 147
1296 572 1348 615 c.
1395 549 1531 616 Pol.
1564 554 1763 617 2570.
1828 551 2043 618 Altera
2089 552 2436 619 Alexandri
2471 557 2568 621 in·

278 641 286 658 ⁸
364 656 739 738 terpretatio
787 653 973 716 unice
1017 662 1238 738 potest
1276 652 1568 740 probari,
1614 655 1695 721 cf.
1739 656 2063 721 Hermann
2107 656 2266 722 Plat.
2311 656 2471 724 Phil.
2513 658 2562 724 1.

359 778 421 841 p.
455 757 649 832 661.)
739 755 989 820 Etenim
1033 755 1259 834 homo,
1302 760 1600 843 quoniam
1645 758 1873 823 animal
1920 769 2018 824 est
2059 759 2388 839 sensibile,
2428 781 2564 826 non

321 897 328 904 -
360 867 578 945 potest
618 861 885 946 cog-itari
924 862 1062 923 sine
1097 857 1383 944 partibus
1420 860 1827 927 sensibilibus
1872 856 2072 943 (ἄνευ
2112 859 2437 943 κινήσεως,
2481 864 2563 928 cf.

360 958 441 1023 ad
483 961 553 1024 E
591 961 650 1025 1.
697 963 908 1025 1026ae
942 964 1057 1042 3),
1114 984 1189 1025 ac
1245 965 1512 1027 vicissim
1572 964 1694 1029 hae
1751 976 1963 1050 partes
2021 965 2373 1030 materiales
2426 987 2562 1031 non

359 1074 508 1129 sunt
551 1074 764 1149 partes
803 1063 1091 1142 hominis,
1136 1066 1257 1128 nisi
1300 1086 1373 1128 ex
1413 1068 1617 1130 anima
1657 1070 2018 1153 acceperint
2056 1089 2216 1146 eum,
2258 1067 2342 1132 ad
2376 1090 2561 1154 quem

359 1166 642 1244 tendant,
674 1167 883 1243 finem,
905 1167 1049 1243 ⁶31,
1073 1168 1178 1246 32,
1209 1166 1290 1231 cf.
1316 1169 1418 1232 10.
1448 1170 1651 1235 10:351»
1674 1171 1779 1235 23.
1827 1168 2067 1235 Trend.
2092 1170 2172 1235 de
2195 1191 2295 1235 an.
2321 1194 2383 1256 p.
2406 1173 2560 1236 331.

358 1270 766 1335 Substantiae
814 1268 1185 1356 dignitatem
1233 1271 1484 1350 (10370
1525 1275 1596 1337 5:
1643 1270 1685 1351 ἡ
1732 1269 1926 1339 οὐσία
1970 1270 2012 1353 ἡ
2056 1269 2309 1358 πρώτη,
2354 1274 2433 1340 cf.
2478 1274 2560 1339 ad

357 1377 418 1439 7.
468 1373 670 1438 10326
714 1376 796 1452 l)
840 1376 904 1435 in
952 1372 1050 1437 his
1103 1378 1464 1440 necessario
1521 1379 1728 1440 anima
1786 1375 1907 1440 sibi
1964 1374 2274 1453 vindicat3
2329 1398 2560 1463 corpus

355 1475 738 1541 substratum
787 1486 885 1540 est
925 1487 1238 1562 tamquam
1282 1481 1567 1554 materia;
1626 1479 1819 1543 homo
1864 1489 2100 1557 autem,
2157 1483 2210 1543 si
2264 1482 2559 1546 universe

355 1601 496 1643 eum
545 1578 804 1656 dixeris,
863 1602 940 1643 ex
984 1589 1253 1665 utraque
1299 1591 1364 1645 et
1407 1580 1610 1646 forma
1655 1592 1720 1646 et
1763 1586 2025 1646 materia
2068 1586 2364 1648 universe
2408 1604 2560 1648 con·

356 1692 535 1768 cepta
584 1681 837 1761 coaluit,
890 1683 967 1746 cf.
1015 1682 1095 1747 ad
1145 1685 1246 1748 10.
1297 1686 1498 1749 10351)
1538 1686 1642 1749 27.
1731 1680 2106 1771 Σωκράτης
2149 1686 2217 1751 δὲ
2259 1687 2375 1750 καὶ
2414 1686 2559 1752 Κο-

354 1789 606 1870 ρίσκος,
667 1790 722 1849 εὶ
764 1788 884 1867 μὲν
926 1788 1041 1851 καὶ
1086 1784 1126 1867 ἡ
1171 1782 1369 1871 ψυχή,
1415 1783 1635 1852 διττόν
1673 1790 1785 1853 07.
1872 1789 2051 1853 Haec
2091 1788 2287 1853 verba
2332 1788 2559 1855 obscu-

353 1891 484 1953 rius
532 1887 697 1953 dicta
743 1891 914 1955 huuc
955 1889 1254 1955 videntur
1297 1894 1361 1955 in
1407 1890 1664 1956 modum
1721 1891 2091 1977 accipienda
2142 1913 2307 1957 esse:
2364 1896 2420 1957 sl
2461 1886 2556 1976 μὴ

351 1987 563 2074 μόνον
605 1985 683 2058 τὰ
730 1995 922 2076 σῶμα
959 1995 1217 2077 λέγεται
1242 1989 1632 2079 Σωκράτης,
1675 1988 1850 2058 ἀλλὰ
1878 1996 1991 2060 καὶ
2028 1992 2070 2074 ἡ
2106 1989 2310 2084 ψυχή.
2380 1993 2556 2081 Apo·

352 2094 527 2160 dosis
575 2107 815 2173 autem,
858 2106 931 2161 ut
972 2107 1147 2161 recte
1191 2100 1646 2183 interpretatur
1691 2095 1868 2162 Alex.
1912 2119 1975 2182 p.
2008 2098 2154 2175 484,
2200 2100 2310 2174 11,
2354 2101 2557 2162 conti-

350 2209 538 2263 netur
577 2203 643 2264 in
683 2223 742 2263 v.
784 2195 1019 2280 διττόν,
1060 2203 1101 2264 i.
1137 2222 1191 2264 e.
1237 2194 1459 2264 διττὸν
1502 2201 1686 2264 ἔσται
1728 2197 1796 2278 ἐξ
1841 2197 2051 2277 εἴδους
2091 2201 2205 2267 καὶ
2243 2195 2420 2280 ὕλης.
2488 2202 2553 2265 οἱ

350 2303 469 2384 μὲν
511 2298 641 2386 γὰρ
686 2305 839 2380 (int.
872 2305 1093 2389 ἐροῦσι
1122 2296 1241 2369 τὸν
1269 2298 1686 2389 Σωκράτην)
1730 2300 1817 2378 ὡς
1857 2299 2096 2392 ψυχήν,
2141 2306 2205 2368 οἱ
2249 2301 2307 2369 δ’
2347 2301 2435 2380 ὥς
2476 2296 2553 2368 τὸ
2652 2304 2660 2311 ’

350 2401 649 2471 σύνολον.
718 2406 833 2470 Sin
871 2416 1079 2470 autem
1116 2427 1249 2470 non
1286 2408 1670 2471 coniunctim
1703 2408 2085 2493 cogitaveris
2115 2406 2379 2471 formam
2413 2428 2553 2471 cum

349 2511 640 2588 materia,
685 2511 951 2574 animam
999 2531 1138 2574 cum
1185 2531 1491 2596 corpore,
1542 2508 1658 2574 sed
1702 2508 2073 2596 simpliciter
2117 2508 2348 2574 dixeris
2391 2508 2555 2573 hanc

350 2616 644 2691 animam,
703 2614 829 2677 boc
885 2635 1145 2699 corpus,
1206 2637 1369 2700 quae
1428 2617 1723 2679 universe
1781 2624 1918 2677 erat
1968 2617 2136 2677 inter
2178 2615 2445 2678 animam
2491 2622 2556 2677 et

349 2737 580 2802 corpus
625 2720 804 2794 ratio,
854 2716 1074 2781 eadem
1119 2720 1288 2782 inter
1330 2717 1494 2782 hanc
1535 2738 1723 2782 unam
1769 2719 2036 2781 animam
2086 2725 2151 2779 et
2193 2715 2320 2782 hoc
2361 2738 2553 2781 unum

349 2841 583 2906 corpus
640 2819 1038 2885 intercedere
1093 2819 1375 2904 putanda
1435 2832 1561 2897 est,
1616 2816 1833 2906 ὥσπερ
1885 2812 1963 2883 τὸ
2004 2814 2343 2897 καθόλου,
2399 2822 2553 2899 (int.

348 2918 559 3005 οὕτω)
599 2926 712 2989 καὶ
756 2917 833 2988 τὸ
877 2919 1042 2988 καθ’
1081 2926 1377 2988 ἕκαστον.
1462 2921 1838 2987 Particulam
1882 2944 1968 3000 τε,
2011 2943 2196 3007 quam
2242 2931 2394 3006 post
2432 2943 2554 2986 κα-

347 3022 569 3093 θόλου
616 3038 680 3093 et
725 3026 877 3092 editi
921 3024 1068 3090 libri
1117 3036 1180 3089 et
1221 3028 1441 3111 scripti
1478 3037 1549 3090 ut
1585 3024 1883 3089 videntur
1919 3045 2143 3090 omnes
2179 3023 2432 3103 babent,
2478 3047 2553 3090 ex

347 3130 692 3196 Alexandri
740 3131 1117 3193 auctoritate
1162 3132 1371 3206 omisi,
1415 3128 1760 3218 flagitante,
1808 3131 1932 3193 nisi
1976 3127 2184 3208 fallor,
2228 3130 2365 3214 ipsa
2410 3148 2553 3193 sen-

348 3238 583 3300 tentiae
629 3236 896 3299 ratione.

479 3339 686 3405 Omisi
728 3340 1052 3423 bucusque
1095 3340 1161 3401 in
1203 3339 1731 3422 interpretatione
1773 3358 1847 3400 ea
1891 3336 2086 3402 verba
2120 3338 2255 3403 ὸ32
2294 3336 2444 3423 περὶ
2481 3336 2551 3401 δὲ

347 3480 434 3493 -
470 3445 560 3507 ⁶5
605 3438 842 3522 νοητή,
898 3441 1127 3527 quibus
1173 3442 1277 3505 Ar.
1328 3438 1409 3503 ad
1465 3438 1936 3505 mathematicas
1993 3462 2095 3505 res
2154 3438 2552 3505 definiendas

347 3565 482 3609 non
513 3566 653 3611 esse
685 3544 1104 3609 adhibendam
1139 3547 1459 3608 materiam
1496 3540 1707 3621 docet,
1742 3547 1887 3628 quia
1919 3546 2369 3608 sententiarum
2404 3563 2555 3607 con-

349 3652 700 3714 tinuitatem
743 3652 1109 3734 importune
1152 3650 1632 3731 interrumpunt,
1677 3668 1865 3730 quum
1912 3649 2228 3731 aptissime
2270 3647 2441 3708 inter
2482 3665 2553 3708 se

349 3751 734 3818 cohaereant
776 3773 938 3837 quae
970 3760 1173 3830 antea,
1212 3752 1361 3830 ⁶32,
1406 3760 1470 3815 et
1499 3770 1664 3835 quae
1692 3760 1937 3834 postea,
1978 3748 2551 3834 1⁸5,.disputantur.

350 3855 443 3919 Ea
488 3859 634 3921 iusti
682 3852 926 3920 ordinis
972 3854 1366 3940 perturbatio
1406 3875 1552 3917 num
1593 3855 1790 3938 ipsius
1826 3851 2187 3917 Aristotelis
2223 3850 2556 3940 negligen-

350 3961 475 4023 tiae
520 3962 603 4024 sit
647 3956 1003 4036 tribuenda,
1050 3978 1148 4051 an,
1196 3957 1368 4044 quod
1415 3956 1622 4023 voluit
1655 3957 1825 4021 Alex.
1862 3978 1926 4041 p.
1960 3956 2107 4032 483,
2141 3956 2244 4032 20,
2293 3952 2555 4018 editoris

350 4065 661 4141 incuriae,
719 4083 854 4126 non
900 4081 1161 4147 possum
1206 4060 1497 4147 equidem
1545 4060 1908 4125 decernere.
1957 4096 2037 4112 --
2086 4057 2274 4143 Quae
2317 4056 2398 4121 ab
2446 4059 2560 4121 ini-

351 4169 443 4230 tio
483 4165 789 4231 babemus
829 4167 985 4230 b33:
1032 4158 1143 4229 διὰ
1186 4166 1252 4229 τί
1297 4161 1414 4230 οὐκ
1459 4165 1583 4230 εἰσὶ
1624 4168 1791 4250 μέρη
1836 4166 1898 4227 οἱ
1937 4157 2129 4246 λόγοι
2161 4162 2291 4227 τῶν
2327 4157 2558 4244 λόγων,

350 4267 690 4334 admodum
739 4269 1143 4357 negligenter
1185 4271 1449 4353 scripta,
1503 4288 1577 4331 ex
1632 4265 1845 4331 verbis
1901 4268 2189 4353 proxime
2240 4263 2558 4348 sequenti-

349 4373 471 4437 bus
516 4373 689 4438 bunc
732 4376 798 4438 in
831 4371 1089 4437 modum
1122 4380 1389 4457 apparet
1413 4369 1832 4458 intelligenda
1860 4390 2032 4434 esse:
2076 4360 2187 4434 διὰ
2221 4365 2287 4429 τί
2325 4366 2390 4428 οἱ
2430 4364 2561 4428 τῶν

350 4479 568 4564 μερῶν
603 4471 792 4562 λόγοι
826 4473 944 4542 οὐκ
979 4477 1143 4543 εὶσὶν
1178 4478 1250 4541 ἄν
1282 4474 1377 4558 τῷ
1410 4474 1533 4539 τοῦ
1567 4467 1729 4539 ὅλου
1760 4468 1957 4557 λόγῳ.
1982 4510 2067 4524 --
2098 4473 2201 4537 De
2232 4465 2563 4556 cogitabili
