3109 5175
1192 399 1268 466 Z
1317 395 1425 470 10.
1512 396 1776 470 10350.
2434 403 2573 477 333

371 588 558 650 γεται
601 562 679 632 τό
722 573 921 653 μέρος
959 570 1104 634 ὸ23.
1197 571 1526 636 Distinctis
1581 576 1776 661 igitur
1819 579 2007 639 variis
2052 580 2333 641 notionis
2376 580 2575 664 μέρος

371 669 947 757 significationibus
1005 673 1168 736 banc
1225 680 1659 759 quaestionem
1716 676 2008 742 dirimere
2052 689 2261 763 parat,
2318 690 2381 746 et
2436 702 2571 744 eam

371 772 623 858 quidem
670 773 1232 861 significationem,
1293 801 1367 843 ex
1424 801 1546 864 qua
1598 782 1798 866 μέρος
1839 803 2192 846 mensuram
2238 788 2333 846 rei
2375 782 2573 847 deno-

371 885 477 954 tet,
517 878 661 954 1133,
699 878 778 940 cf.
814 880 869 941 A
897 880 1002 942 25.
1042 880 1244 943 1023b
1283 883 1398 960 15,
1444 893 1753 967 tamquam
1794 882 2060 948 alienam
2101 885 2179 948 ab
2217 886 2334 949 hac
2369 907 2443 949 re
2476 908 2571 949 se-

368 977 583 1043 cludit.
659 979 858 1064 Quod
904 984 957 1044 si
1004 977 1368 1070 diligentius
1415 1007 1550 1049 eam
1594 985 2074 1063 distinctionem,
2122 1010 2305 1073 quam
2338 988 2569 1052 deinde

367 1085 666 1160 instituit,
724 1088 1140 1169 spectaveriS,
1198 1107 1329 1151 non
1388 1091 1588 1173 partis
1648 1092 1975 1155 notionem
2023 1090 2276 1168 dividit,
2333 1090 2446 1154 sed
2494 1112 2569 1154 ea

367 1188 585 1271 potius
616 1184 965 1273 distinguit,
1003 1187 1084 1252 ad
1116 1209 1278 1274 quae
1308 1194 1505 1276 partis
1536 1194 1865 1256 notionem
1898 1191 2280 1258 adhibemus
2350 1194 2567 1278 Quum

368 1293 532 1353 enim
579 1289 970 1355 substantiae
1015 1312 1248 1357 nomen
1292 1292 1522 1359 latiore
1567 1316 1758 1359 sensu
1806 1306 1870 1358 et
1904 1296 2145 1360 formae
2179 1305 2244 1361 et
2271 1300 2568 1361 materiae

368 1401 434 1456 ct
467 1403 804 1459 concretae
844 1415 918 1457 ex
952 1405 1217 1481 utraque
1253 1400 1342 1460 rei
1379 1398 1707 1476 tribuatur,
1752 1397 2231 1486 distinguendas
2269 1420 2409 1463 esse
2439 1400 2564 1472 fon

364 1517 505 1560 mae
547 1506 759 1582 partes
805 1519 840 1559 a
887 1499 1176 1583 partibus
1220 1504 1534 1565 materiae.
1630 1503 1722 1565 Ac
1776 1507 2075 1567 materiae
2133 1502 2385 1588 quidem
2428 1526 2567 1588 par-

364 1609 462 1663 tes
507 1602 572 1664 in
621 1598 999 1665 definitione
1043 1624 1252 1667 merae
1302 1615 1364 1666 et
1408 1604 1763 1670 abstractae
1808 1606 2066 1684 formae,
2107 1606 2306 1671 veluti
2349 1601 2566 1671 κοιλό-

362 1725 587 1781 τητος,
645 1724 778 1768 non
824 1709 1060 1785 inesse,
1117 1709 1330 1770 inesse
1372 1729 1526 1771 vero
1573 1712 1638 1772 in
1687 1708 2062 1774 definitione
2104 1712 2199 1773 rei
2244 1731 2317 1773 ex
2360 1709 2565 1772 forma

365 1816 433 1871 et
461 1810 720 1871 materia
757 1820 1108 1886 concretae,
1151 1809 1349 1875 veluti
1389 1811 1509 1874 τοῦ
1547 1813 1669 1893 μὲν
1707 1808 1987 1877 συνόλου
2030 1807 2420 1898 ἀνδριάντος
2451 1815 2565 1895 μέ-

363 1933 478 1993 ρος
523 1908 562 1974 ὀ
599 1908 863 1995 χαλκός,
908 1915 1026 1977 τοῦ
1070 1910 1128 1977 δ’
1167 1911 1254 1989 ὡς
1300 1909 1469 1988 εἶδος
1512 1915 1864 1997 λεγομένου
1907 1911 2297 2001 ἀνδριάντος
2338 1909 2418 1979 οὔ
2452 1918 2561 1978 αθ.

363 2015 477 2077 His
532 2013 710 2079 addit
768 2015 1026 2080 λεκτέον
1080 2010 1209 2103 γάρ
1268 2010 1344 2080 τὸ
1401 2013 1572 2090 εἶδος
1626 2018 1737 2081 καὶ
1792 2010 1834 2106 ᾗ
1883 2020 2009 2103 ἔχει
2054 2013 2224 2092 εἶδος
2269 2023 2563 2093 ἕκαστον,

363 2118 419 2181 h.
455 2140 507 2180 e.
557 2139 631 2182 ex
676 2118 876 2182 forma
922 2141 1023 2182 res
1058 2119 1381 2206 quaelibet
1410 2130 1822 2204 nuncupatur,
1869 2132 1935 2184 et
1963 2122 2163 2185 forma
2197 2119 2563 2184 definienda

362 2233 473 2298 est,
525 2224 577 2285 si
624 2221 894 2286 definire
937 2221 1323 2289 voluerimus
1369 2222 1519 2308 quid
1566 2227 1649 2287 sit
1694 2222 1902 2309 aliqua
1948 2246 2050 2288 res
2096 2225 2215 2306 (cf.
2263 2225 2457 2310 Phys.
2500 2224 2561 2288 11

363 2327 421 2389 l.
462 2327 621 2390 193⁶
647 2328 715 2389 l:
765 2362 845 2376 —
891 2319 967 2390 τὸ
1014 2319 1182 2403 εἶδος
1225 2321 1302 2391 τὸ
1348 2322 1518 2390 κατὰ
1555 2320 1673 2392 τὸν
1711 2323 1929 2410 λόγον,
1974 2323 2012 2392 ὃ
2054 2323 2419 2412 ὁριζόμενοι
2457 2328 2562 2390 λέ-

358 2450 561 2512 γομεν
606 2431 668 2493 τί
711 2433 848 2493 ἐστι
892 2425 1059 2515 σὰρξ
1103 2424 1144 2508 ἢ
1191 2427 1447 2495 ὀστοῦν.
1464 2436 1507 2509 ),
1551 2424 1628 2494 τὸ
1676 2428 1734 2494 δ’
1772 2426 1996 2496 ὑλικὸν
2040 2429 2349 2497 οὐδέποτε
2383 2427 2549 2494 καθ’

359 2527 522 2598 αὑτὸ
571 2534 854 2598 λεκτέοντ
898 2537 1158 2598 materia
1204 2556 1364 2620 quae
1403 2557 1520 2621 per
1554 2555 1625 2598 se
1663 2556 1785 2599 nec
1823 2538 2089 2622 cogitari
2127 2557 2246 2600 nec
2287 2534 2412 2599 dici
2452 2531 2560 2597 de-

357 2636 609 2701 finirive
654 2646 897 2723 potest,
957 2639 1034 2701 cf.
1084 2640 1292 2703 1036a
1334 2640 1406 2717 8,
1463 2659 1597 2703 non
1652 2637 2051 2702 admiscenda
2098 2649 2197 2703 est
2237 2641 2294 2701 ei
2336 2636 2560 2701 defini·

359 2744 549 2817 tioni,
608 2762 771 2826 quae
827 2743 1022 2827 ipsam
1081 2744 1175 2805 rei
1236 2746 1572 2805 essentiam
1633 2745 1950 2827 exprimat.
2042 2744 2133 2805 Ex
2179 2743 2299 2805 hac
2343 2740 2558 2805 distin·

360 2848 572 2909 ctione
618 2843 964 2930 explicatur
1008 2866 1169 2930 quae
1217 2843 1426 2909 obiter
1469 2868 1599 2910 rem
1645 2848 2003 2930 inspicienti
2050 2849 2259 2910 inesse
2303 2843 2560 2908 videba-

357 2961 462 3012 tur
518 2952 581 3012 in
642 2947 1012 3013 definiendo
1073 2947 1431 3025 diversita83
1505 2949 1815 3013 elementa
1874 2952 2211 3027 orationiS‚
2268 2955 2557 3031 στοιχεῖα

356 3056 474 3117 τοῦ
518 3048 721 3136 λόγου
761 3056 923 3130 all,
984 3052 1175 3118 modo
1234 3075 1366 3118 non
1425 3052 1769 3117 materialia
1818 3055 2090 3139 cogites,
2149 3051 2347 3116 veluti
2393 3072 2556 3138 quae

355 3158 418 3220 in
466 3178 614 3222 aere
657 3155 764 3221 vel
811 3178 952 3221 cera
998 3168 1171 3235 sunt,
1227 3157 1307 3222 ad
1369 3156 1803 3221 definitionem
1864 3154 2153 3241 syllabae
2200 3155 2557 3220 adsciscun-

354 3270 457 3324 tur
499 3270 725 3345 utpote
771 3260 1013 3325 formae
1059 3272 1298 3346 partes3
1347 3281 1477 3324 non
1516 3264 1666 3324 item
1706 3274 2028 3347 segmenta
2063 3258 2277 3323 circuli
2307 3258 2387 3322 ad
2422 3262 2555 3322 eius

356 3362 737 3428 adhibentur
779 3363 1238 3442 definitionem,
1283 3366 1582 3449 quoniam
1629 3363 1710 3427 ad
1749 3367 2066 3428 materiam
2105 3365 2441 3447 pertinent,
2485 3361 2556 3425 li-

356 3476 457 3530 cet
512 3470 849 3552 propiores
908 3472 1034 3533 sint
1093 3469 1333 3533 formae
1391 3490 1467 3531 ac
1521 3470 1771 3530 notioni
1818 3465 2034 3531 circuli
2081 3487 2262 3551 quarn
2312 3487 2446 3539 aes,
2500 3466 2554 3527 si

353 3591 618 3635 aeneum
676 3574 1088 3658 proposueris
1144 3572 1463 3636 circulum.
1541 3574 1643 3653 ,Et
1687 3574 1867 3635 sicuti
1915 3593 1988 3634 ex
2035 3569 2318 3655 partibus
2363 3578 2555 3631 mate-

350 3673 613 3738 rialibus
661 3685 911 3739 constat
960 3697 1063 3739 res
1110 3686 1434 3755 concreta,
1482 3697 1615 3740 non
1662 3677 1974 3740 abstracta
2019 3675 2252 3750 forma,
2298 3677 2383 3736 ita
2429 3670 2555 3735 sol·

351 3782 519 3842 vitur
561 3780 629 3842 in
675 3800 783 3843 eas
828 3801 928 3844 res
976 3790 1301 3858 concreta,
1349 3800 1483 3843 non
1527 3780 1747 3856 forma,
1794 3782 1905 3844 καὶ
1949 3782 2069 3845 τοῦ
2112 3780 2231 3864 μὲν
2277 3770 2555 3841 συνόλου

348 3887 544 3966 μέρη,
600 3882 722 3947 τοῦ
776 3880 986 3959 εἴδους
1041 3883 1109 3947 δὲ
1166 3886 1278 3947 καὶ
1336 3874 1415 3947 οὗ
1472 3880 1509 3947 ὁ
1555 3880 1753 3967 λόγος
1798 3887 2066 3970 (nempe
2114 3880 2149 3947 ὁ
2196 3875 2392 3964 λόγος
2434 3879 2555 3943 τοῦ

350 3984 558 4061 εἴδους
603 3988 802 4063 ἐστίν,
852 3987 929 4051 cf.
980 3989 1182 4052 1⁰:351>
1221 3989 1348 4067 34)
1394 3984 1635 4051 οὐκέτι·
1695 3985 1918 4071 διόπερ
1966 3983 2104 4051 οὐδ’
2145 3990 2216 4049 ἐν
2257 3992 2396 4059 τοῖς
2442 3978 2554 4046 λό-

348 4112 505 4173 γοις,
541 4091 696 4153 ⁶22.
766 4090 945 4153 Haec
974 4101 1245 4155 extrema
1276 4091 1497 4155 verba:
1541 4097 1612 4155 ἐν
1647 4100 1787 4166 τοῖς
1826 4087 2046 4172 λόγοις
2080 4088 2250 4176 apud
2282 4090 2552 4152 animum

267 4235 282 4245 ·
349 4192 716 4257 revocanda
760 4204 933 4271 sunt,
979 4204 1051 4259 ut
1093 4197 1378 4281 proxima
1425 4198 1790 4260 enunciatio
1836 4198 2042 4280 possit
2085 4191 2381 4277 intelligi:
2425 4192 2555 4254 τῶν

347 4298 468 4380 μὲν
514 4287 633 4362 οὖν
676 4301 830 4377 (int.
872 4302 941 4362 ἐν
977 4308 1116 4374 τοῖς
1161 4294 1420 4380 λόγοις.)
1466 4303 1722 4364 ἐνέσται
1771 4298 1808 4363 ὁ
1856 4299 1987 4363 τῶν
2032 4291 2345 4362 τοιούτων
2382 4297 2461 4373 (i.
2496 4312 2551 4355 e.

346 4396 620 4482 ὑλικῶν)
664 4403 882 4487 μερῶν
925 4397 1135 4484 λόγος,
1183 4423 1256 4465 ac
1300 4400 1508 4465 verbis
1553 4404 1685 4466 τῶν
1727 4405 1847 4484 μέν
1881 4400 2225 4488 significari
2262 4418 2365 4461 res
2404 4416 2555 4460 con-

347 4514 552 4568 cretas
595 4525 671 4569 ex
718 4504 920 4571 altero
964 4515 1224 4591 apparet
1261 4503 1563 4584 membro,
1607 4505 1718 4568 ubi
1756 4503 1838 4567 ad
1871 4505 1999 4568 τῶν
2035 4502 2093 4567 δ’
2127 4506 2276 4581 (int.
2312 4504 2383 4566 ἑν
2415 4506 2554 4573 τοῖς

802 452 846 498 0
