3109 5175
1183 354 1255 426 Γ
1301 351 1364 425 1.
1448 350 1633 428 1003
1650 373 1718 425 a.
2407 351 2540 430 171

344 539 550 598 crates
585 540 654 596 et
683 532 825 617 ipse
860 538 959 595 est
987 528 1284 600 Socrates
1325 540 1390 596 et
1418 530 1613 596 homo
1644 540 1712 598 et
1740 528 1989 609 animal,
2032 549 2301 615 quorum
2330 552 2551 596 unum-

343 634 645 722 quodque
687 656 806 721 per
847 657 919 700 se
962 634 1378 700 substantiam
1431 656 1573 698 esse
1617 637 1963 720 posuimus.
2042 634 2157 700 Sin
2204 644 2413 702 autem
2456 639 2552 699 in-

341 738 604 806 dividua
660 743 1062 825 posuerimus
1116 760 1256 806 esse
1299 742 1628 826 principia,
1676 741 2041 817 ala—17,
2101 745 2399 824 quoniam
2447 762 2550 806 co-

339 847 572 932 gnosci
628 847 905 930 scirique
958 865 1111 909 vere
1170 863 1305 907 non
1363 853 1637 930 possunt
1693 847 1819 910 nisi
1873 844 2258 910 universalia
2315 846 2435 926 (cf.
2487 849 2549 911 4.

341 950 515 1014 9990
552 951 658 1014 28.
725 950 791 1029 Z
830 950 932 1015 15.
979 949 1180 1013 10:39⁶
1214 949 1323 1012 27.
1393 949 1484 1016 Μ
1516 951 1578 1013 9.
1626 950 1828 1014 19861»
1864 950 1925 1013 5.
1995 951 2114 1014 An.
2157 960 2326 1037 post.
2371 951 2401 1015 Ι
2442 952 2548 1015 31.

341 1054 376 1117 1
414 1055 515 1118 ll.
557 1056 679 1119 77⁴2
705 1056 768 1120 5.
828 1054 930 1119 13.
964 1055 1087 1119 794
1113 1055 1172 1118 7.
1230 1052 1498 1138 Heyder
1524 1052 1673 1117 krit.
1702 1053 1917 1118 Darst.
1948 1055 1978 1118 1
2010 1057 2070 1119 1.
2100 1079 2163 1142 p.
2199 1057 2327 1121 176
2357 1076 2489 1140 sqq.
2504 1057 2549 1134 ),

340 1157 484 1221 aliis
530 1177 698 1243 opus
742 1160 862 1222 erit
902 1159 1262 1243 principiis,
1319 1178 1483 1243 quae
1540 1155 1625 1222 de
1675 1156 1802 1222 illis
1845 1160 2141 1223 universe
2186 1157 2553 1246 praedicen-

345 1273 481 1340 tur,
539 1273 613 1327 ut
667 1264 872 1348 possit
927 1264 1191 1328 omnino
1248 1264 1510 1327 scientia
1555 1273 1624 1327 et
1668 1264 1953 1349 cognitio
2003 1265 2332 1340 exsistere3
2390 1283 2550 1352 ergo

345 1365 474 1445 illa,
520 1387 683 1453 quae
728 1369 1070 1453 posuimus,
1111 1365 1440 1432 individua
1483 1387 1620 1432 non
1664 1375 1854 1433 erunt
1894 1369 2220 1454 principia.

1392 1752 1505 1855 Γ.

1270 1935 1499 2014 CAP.
1568 1939 1627 2013 Ι.

485 2081 723 2146 Prima
755 2079 1176 2168 philosophia
1214 2094 1517 2148 versatio·
1560 2085 1633 2147 in
1673 2082 2145 2167 cognoscendis
2186 2084 2408 2147 causis
2449 2105 2556 2148 en-

344 2190 456 2266 tiz,
502 2198 819 2273 quatenus
862 2197 960 2254 est
1005 2210 1140 2250 ens.

480 2306 748 2371 Primam
807 2305 1273 2392 philosophiam
1324 2308 1460 2370 sive
1505 2307 1877 2392 sapientiam
1920 2309 2161 2370 versari
2203 2308 2272 2371 in
2316 2328 2558 2396 cogno-

347 2408 601 2478 scendis
639 2413 892 2475 summis
931 2431 1138 2476 rerum
1174 2414 1378 2476 causis
1416 2421 1482 2475 et
1514 2412 1863 2497 principiis,
1904 2430 2096 2496 supra
2130 2424 2385 2477 secutus
2417 2412 2556 2478 vul-

346 2535 536 2603 gares
583 2512 664 2578 de
710 2536 784 2579 ea
828 2518 1171 2602 opiniones
1209 2513 1525 2601 explicuit,
1560 2516 1633 2580 A
1666 2518 1723 2581 1.
1754 2514 1815 2579 2.
1883 2515 2012 2579 Iam
2056 2535 2193 2580 eam
2240 2515 2558 2582 definitio-

349 2639 494 2683 nem
552 2640 674 2705 pro
732 2619 1148 2687 fundamento
1206 2640 1462 2706 ponens
1519 2621 1697 2700 (ἐπεὶ
1752 2620 1824 2684 δὲ
1865 2612 1987 2695 τὰς
2030 2613 2241 2704 ἀρχὰς
2283 2622 2395 2686 καὶ
2437 2617 2559 2698 τὰς

353 2718 725 2806 ἀκροτάτας
760 2727 977 2801 αἰτίας
1014 2724 1332 2808 ζητοῦμεν
1369 2726 1506 2789 α26
1521 2729 1567 2803 ),
1608 2722 1761 2789 inde
1794 2727 2056 2809 primam
2088 2723 2557 2811 philosophiam

348 2830 738 2916 investigare
795 2850 1016 2896 causas
1063 2831 1257 2904 entis,
1316 2840 1627 2913 quatenus
1674 2838 1772 2893 est
1808 2849 1953 2905 ens,
2006 2828 2128 2892 hac
2171 2829 2421 2918 colligit
2461 2853 2561 2895 ra-

349 2934 548 2999 tione.
639 2932 947 3021 Singulae
1004 2930 1434 3019 disciplinae„
1465 2932 1666 2997 veluti
1716 2930 2193 2997 mathematicae
2249 2933 2558 3020 physicae

347 3034 533 3114 aliae,
579 3057 769 3120 quum
815 3034 1100 3124 singulas
1142 3034 1267 3101 sibi
1303 3036 1822 3102 circumscribant
1854 3040 2016 3101 entis
2049 3047 2280 3122 partes,
2323 3041 2393 3103 in
2426 3042 2560 3124 qui-

351 3140 475 3206 bus
520 3151 855 3205 versentur
898 3138 1388 3225 investigandis,
1433 3141 1512 3206 cf.
1554 3142 1625 3206 E
1660 3144 1720 3206 l.
1766 3143 1969 3207 102515
2003 3142 2076 3221 8,
2122 3141 2431 3207 diversam
2475 3144 2556 3208 ab

347 3245 448 3309 his
512 3254 772 3329 oportet
830 3265 970 3309 esse
1028 3248 1382 3325 scientiam,
1440 3268 1604 3331 quae
1660 3267 1773 3310 ens
1816 3249 2052 3331 ipsum,
2111 3257 2418 3331 quatenus
2463 3258 2561 3312 est

353 3371 485 3429 ens,
534 3348 1022 3434 contempletur.
1111 3350 1307 3436 Atqui
1363 3353 1566 3436 prima
1623 3348 2032 3435 philosophia
2083 3353 2315 3436 primas
2357 3354 2561 3437 inqui-

354 3457 439 3519 rit
499 3474 722 3517 causas
783 3463 849 3517 et
900 3475 1137 3518 summa
1194 3456 1520 3541 principia.
1612 3455 1790 3541 Ergo
1839 3475 1974 3518 eam
2018 3458 2259 3520 versari
2301 3464 2561 3540 oportet

355 3559 424 3623 in
472 3554 946 3645 cognoscendis
992 3561 1196 3624 causis
1231 3579 1366 3624 uon
1403 3557 1748 3623 accidentis
1787 3561 2133 3646 cuiuspiam
2163 3562 2356 3622 —iis
2389 3561 2559 3623 enim

355 3661 618 3726 altiores
666 3671 880 3725 essent
924 3671 990 3726 et
1034 3666 1393 3748 superiores
1439 3684 1666 3728 causae
1711 3666 1909 3748 ipsius
1948 3666 2059 3739 rei,
2103 3665 2204 3727 cui
2246 3661 2356 3727 illa
2402 3665 2561 3727 acci-

358 3764 575 3831 dentia
620 3765 953 3833 inhaerent
999 3803 1078 3817 —
1127 3764 1242 3832 sed
1299 3778 1565 3832 naturae
1625 3766 1946 3832 cuiusdam
2004 3762 2301 3856 (φύσεώς
2342 3772 2557 3848 τινος)

355 3870 415 3935 h.
452 3893 506 3936 e.
553 3869 942 3935 substantiae
986 3892 1100 3957 per
1136 3891 1224 3949 se,
1269 3873 1406 3937 sive
1447 3875 1629 3951 entis,
1672 3882 1982 3958 quatenus
2021 3879 2118 3936 est
2155 3893 2286 3937 ens.
2356 3872 2560 3938 Huius

356 3977 556 4064 igitur
601 3996 830 4041 causae
878 3974 1143 4060 perinde
1187 3974 1378 4041 nohis
1422 3986 1574 4041 sunt
1614 3973 2124 4065 investigandae,
2181 3999 2258 4040 ac
2312 3987 2560 4043 veteres

358 4078 735 4168 physiologi
779 4082 977 4165 ipsius
1024 4083 1186 4145 entis
1233 4084 1684 4165 quaesiverunt
1726 4081 2057 4145 elementa.

491 4184 763 4248 Secutus
821 4205 959 4247 sum
1015 4186 1083 4249 in
1143 4183 1512 4270 explicanda
1570 4187 2058 4249 ratiocinatione
2109 4184 2428 4272 vulgatam
2474 4184 2568 4249 le-

362 4291 638 4353 ctionem
681 4288 820 4352 1228
862 4285 1030 4352 καθ’
1070 4285 1294 4367 αὑτήν.
1364 4288 1743 4366 Alexander,
1789 4292 1925 4354 sive
1968 4286 2138 4354 καθ’
2176 4284 2382 4365 αὑτάς
2424 4292 2560 4354 sive

362 4389 529 4457 καθ’
570 4388 735 4457 αὑτό
779 4395 848 4457 in
894 4402 1064 4457 textu
1108 4391 1329 4458 habuit
1373 4393 1480 4474 (cf.
1517 4396 1660 4472 194,
1688 4396 1795 4458 26.
1845 4396 1988 4473 195,
2022 4395 2085 4459 9.
2122 4396 2225 4458 16.
2260 4394 2367 4459 23.
2417 4395 2561 4472 196,

357 4500 421 4561 6.
455 4500 545 4578 7),
588 4497 749 4562 haec
791 4495 986 4562 verba
1034 4495 1116 4562 ad
1161 4496 1701 4563 determinandam
1731 4501 2063 4563 notionem
2090 4519 2320 4591 =causae
2348 4497 2561 4574 refert,
