3109 5175
551 362 698 439 300
1380 368 1458 436 Ζ
1498 361 1569 436 3.
1650 359 1922 437 102943.

550 541 628 607 ,Α
653 541 713 605 1.
744 540 955 605 10690
979 541 1091 605 27:
1131 533 1217 606 τὰ
1244 542 1400 624 γένη
1428 534 1735 605 καθόλου
1765 540 1907 605 εἰσί.
1958 538 2016 605 Δ
2034 539 2098 604 3.
2122 538 2327 604 1014ῠ
2348 538 2413 603 9.
2455 537 2518 603 0.
2553 537 2755 603 1015δ

549 645 657 710 28.
708 645 800 708 H
821 647 881 709 l.
914 646 1123 709 1042«
1149 646 1253 710 15.
1320 644 1408 710 At
1451 663 1587 708 non
1628 643 1837 708 solum
1880 662 2085 731 genus
2132 640 2216 707 de
2258 639 2470 727 aliqua
2513 662 2585 705 re
2619 642 2755 706 uni·

548 767 738 812 verse
792 747 1223 833 praedicatur,
1279 746 1396 812 sed
1454 750 1643 812 etiam
1699 745 2104 812 differentiae
2149 756 2215 811 et
2254 738 2344 810 τὰ
2383 742 2549 810 καθ’
2589 737 2755 810 αὐτὸ

543 845 1037 934 ουμβεβηκότα.
1112 850 1331 936 Quare
1374 849 1563 916 latius
1607 859 1784 936 patet
1828 853 2011 915 notio
2057 851 2178 914 τοῦ
2216 843 2526 913 καθόλου
2569 869 2753 935 quam

549 955 734 1018 notio
780 957 1054 1040 generiS,
1100 954 1178 1019 cf.
1223 954 1295 1019 A
1338 956 1398 1019 9.
1445 956 1608 1019 9921,
1652 955 1765 1018 12:
1811 957 1866 1018 ei
1907 946 2002 1036 μὴ
2048 947 2240 1017 δώσει
2283 954 2470 1035 γένος
2514 946 2590 1017 τὸ
2635 973 2755 1016 κα-

549 1050 773 1122 θόλου
816 1051 999 1122 εἶναι.
1078 1059 1163 1122 Et
1203 1078 1408 1145 genus
1452 1055 1705 1142 quidem
1750 1054 1815 1119 id
1862 1054 2114 1120 demum
2160 1065 2273 1131 est,
2316 1065 2391 1120 ut
2432 1058 2586 1141 ipsis
2625 1066 2757 1120 uta·

550 1181 692 1226 mur
746 1160 1109 1226 Aristotelis
1164 1160 1410 1238 verbiS,
1467 1158 1640 1245 quod
1701 1161 1969 1243 primum
2022 1158 2394 1244 ponendum
2452 1168 2552 1223 est
2604 1169 2756 1223 tam-

552 1284 737 1348 quam
783 1263 1165 1350 reliquarum
1212 1263 1808 1329 determinationum
1854 1261 2345 1339 fundamentum,
2389 1263 2444 1326 si
2487 1260 2757 1327 definire

549 1365 834 1431 volueris
877 1367 1030 1452 quid
1072 1370 1156 1433 sit
1198 1367 1405 1453 aliqua
1450 1387 1571 1444 res,
1618 1365 1698 1431 cf.
1735 1367 1903 1462 Top.
1939 1366 1970 1431 1
2006 1367 2068 1431 5.
2103 1367 2270 1431 102⁴
2307 1359 2421 1431 31:
2465 1367 2653 1448 γένος
2686 1360 2747 1429 δ’

550 1470 691 1534 ἐστὶ
732 1464 812 1534 τὰ
856 1463 1027 1535 κατὰ
1070 1466 1388 1536 πλειόνων
1431 1472 1542 1534 καὶ
1589 1464 2040 1558 διαφερόντων
2095 1471 2188 1552 τῷ
2245 1466 2398 1534 εἴδει
2441 1472 2511 1534 ἐν
2555 1467 2651 1551 τῷ
2690 1467 2757 1532 τί

552 1575 693 1637 ἐστι
733 1570 1323 1661 κατηγορούμενον.
1391 1575 1456 1637 Ζ
1488 1575 1546 1638 7.
1590 1575 1798 1639 10334·
1834 1572 1906 1636 4:
1948 1573 2061 1637 καὶ
2105 1567 2305 1638 τοῦτό
2348 1576 2485 1638 ἐστι
2527 1566 2607 1637 τὸ
2649 1573 2756 1655 γέ-

453 1665 462 1680 ’
549 1695 670 1750 νος
712 1681 801 1753 εὶς
845 1670 884 1742 ὃ
927 1680 1191 1762 πρῶτον
1230 1677 1516 1741 τίθεται.
1593 1676 1644 1740 Ι
1668 1678 1733 1741 3.
1772 1676 1973 1741 10546
2003 1677 2117 1740 30.
2162 1677 2417 1761 λέγεται
2459 1675 2528 1741 δὲ
2570 1678 2757 1758 γένος

553 1770 593 1842 ὃ
637 1771 840 1869 ἄμφω
897 1773 1101 1843 ταύτὸ
1156 1780 1459 1862 λέγονται
1483 1803 1492 1812 “
1513 1773 1685 1842 κατὰ
1740 1771 1864 1859 τὴν
1918 1775 2155 1844 οὐσίαν
2201 1772 2287 1845 τοὶ
2330 1780 2754 1868 διαφέροντα.

552 1881 614 1946 8.
666 1883 868 1948 1057ὺ
902 1882 992 1947 38
1036 1890 1101 1947 et
1143 1881 1224 1947 ad
1269 1883 1326 1948 A
1359 1883 1465 1948 28.
1516 1882 1719 1947 102411
1756 1883 1816 1946 4.
1851 1917 1932 1932 --
1979 1882 2073 1946 Ex
2118 1881 2239 1947 hac
2282 1885 2616 1946 notionum
2660 1903 2756 1946 ra-

552 1986 731 2050 tione
779 1985 962 2050 facile
1008 1984 1428 2072 explicabitur
1472 1988 1581 2070 qui
1625 1983 1769 2064 fiat,
1825 1995 1897 2051 ut
1953 1984 2245 2051 videatur
2287 1983 2601 2049 interdum
2646 1986 2754 2049 Ar.

554 2092 961 2154 commiscere
995 2093 1165 2154 inter
1197 2109 1266 2154 se
1302 2082 1379 2154 τὸ
1422 2092 1613 2173 γένος
1650 2099 1715 2154 et
1750 2082 1828 2153 τὸ
1862 2084 2188 2166 καθόλου,
2225 2088 2423 2153 veluti
2452 2088 2519 2153 B
2547 2091 2591 2155 3
2620 2087 2662 2152 l.
2693 2086 2756 2167 l.‚

552 2212 676 2256 nec
718 2201 927 2257 tamen
971 2215 1040 2258 re
1083 2215 1234 2258 vera
1279 2196 1702 2259 commisceat.
1791 2191 1999 2275 Quem
2057 2203 2266 2258 autem
2319 2190 2529 2257 locum
2575 2190 2758 2256 attuli

555 2315 634 2361 ex
677 2298 883 2380 capite
925 2299 1009 2362 13
1046 2296 1230 2361 huius
1269 2296 1429 2373 libri,
1473 2296 1565 2361 ibi
1603 2289 1681 2361 τὸ
1714 2297 1903 2378 γένος
1935 2305 2274 2382 propterea
2311 2295 2565 2360 videtur
2601 2296 2758 2359 oini-

553 2399 729 2476 sisse,
774 2400 1070 2483 quoniam
1109 2402 1175 2463 in
1212 2399 1657 2488 investiganda
1702 2401 1972 2464 notione
2014 2399 2135 2464 τοῦ
2177 2401 2243 2463 τί
2284 2388 2368 2479 ἦν
2414 2395 2582 2464 εἶναι
2621 2418 2757 2465 non

555 2502 769 2587 potuit
810 2521 945 2565 non
988 2506 1242 2590 generis
1287 2502 1594 2568 adhibere
1641 2506 1989 2568 notionem.

688 2606 893 2671 1028&
933 2607 1020 2671 36
1067 2600 1153 2673 τὸ
1200 2605 1259 2672 δ’
1297 2605 1851 2692 ὑποκείμενον
1894 2644 1979 2657 —-
2036 2606 2246 2673 10294ι
2286 2607 2376 2674 34
2418 2607 2755 2691 πρῶτον.

557 2710 831 2775 Primum
874 2712 1204 2774 notionem
1250 2713 1371 2777 τοῦ
1411 2708 1835 2793 ὑποκειμένου
1869 2714 2285 2797 persequitur.
2354 2711 2757 2777 substantiae

558 2815 724 2879 enim
781 2836 971 2899 quum
1030 2814 1189 2880 haec
1243 2817 1556 2879 communi
1612 2817 1890 2880 omnium
1936 2834 2255 2879 consensu
2298 2814 2608 2881 tribuatur
2648 2836 2759 2880 ne-

556 2926 724 2996 tum,
782 2927 854 2983 ut
895 2940 1016 2983 nec
1059 2917 1358 2985 aliorsum
1403 2928 1649 3004 spectet
1689 2939 1812 2982 nec
1855 2916 2112 2984 aliunde
2155 2939 2459 3004 suspensa
2516 2922 2624 2997 sit,
2680 2916 2757 2985 τὸ

555 3015 1000 3104 ὑποκείμενον,
1043 3022 1104 3088 h.
1137 3043 1193 3087 e.
1237 3020 1302 3086 id
1350 3020 1524 3107 quod
1569 3042 1702 3096 non
1748 3019 1962 3085 alieno
2001 3024 2313 3087 essentiae
2344 3022 2758 3089 fundamento

559 3132 736 3210 eget,
804 3123 921 3189 sed
978 3128 1193 3211 ipsum·
1239 3124 1379 3188 aliis
1436 3124 1702 3210 praebet
1763 3123 2235 3191 fundamentum
2296 3127 2362 3190 in
2420 3147 2548 3212 quo
2609 3148 2759 3193 con·

554 3228 806 3305 sistant,
863 3238 1148 3293 naturam
1203 3228 1596 3293 substantiae
1652 3231 1892 3316 optime
1946 3228 2199 3294 videtur
2244 3233 2619 3315 exprimere,
2676 3231 2756 3296 cf.

557 3329 637 3397 ad
681 3332 738 3397 A
780 3332 842 3397 8.
892 3334 1094 3397 1017»
1137 3334 1225 3398 10
1263 3354 1397 3418 sqq.
1466 3333 1593 3397 Iam
1640 3355 1798 3398 vero
1843 3330 2282 3417 ὑποκείμενον,
2325 3336 2416 3398 ait
2452 3335 2563 3412 σ2,
2605 3329 2757 3418 τρό-

555 3455 685 3499 πον
727 3438 849 3517 μέν
892 3456 1048 3515 τιναν
1073 3432 1116 3515 ἡ
1151 3432 1276 3515 ὕλη
1311 3436 1582 3519 λέγεται,
1627 3432 1831 3503 ἄλλον
1868 3438 1936 3502 δὲ
1969 3432 2218 3523 τρόπον
2250 3433 2295 3515 ἡ
2328 3434 2574 3527 μορφή,
2619 3442 2757 3523 τρί-

555 3558 674 3601 τον
718 3538 788 3603 δὲ
833 3531 910 3602 τὸ
953 3543 1023 3603 ἐκ
1065 3535 1334 3604 τούτων.
1422 3540 1495 3603 ln
1542 3538 1906 3628 categoriis
1953 3561 2087 3626 cap.
2125 3543 2169 3606 5
2213 3540 2325 3606 ubi
2368 3541 2759 3606 substantiae

554 3651 840 3706 naturam
873 3652 1194 3729 exponere
1228 3642 1473 3709 orditur
1504 3666 1766 3730 eamque
1803 3666 1944 3708 esse
1980 3643 2150 3722 dicit,
2195 3667 2355 3730 quae
2383 3639 2546 3727 μήτε
2581 3641 2747 3709 καθ’

558 3739 982 3829 ὑποκειμένου
1037 3741 1217 3824 τινὸς
1272 3748 1527 3831 λέγεται
1583 3748 1704 3827 (cf.
1747 3747 1829 3812 ad
1874 3749 1946 3812 A
1990 3750 2053 3813 9.
2107 3750 2269 3813 990⁶
2310 3751 2437 3829 31)
2492 3745 2642 3833 μήτ’
2689 3753 2760 3815 ἐν

555 3843 952 3935 ὑποκειμένῳ
995 3854 1124 3917 τινί
1167 3856 1330 3930 ἐστι,
1385 3849 1665 3937 ideoque
1716 3854 1855 3936 ipsa
1903 3861 2000 3916 est
2041 3849 2496 3935 ὑποκείμενον,
2553 3856 2758 3938 primo

557 3971 634 4016 ac
688 3958 1019 4037 potissimo
1077 3976 1270 4021 sensu
1324 3954 1708 4020 substantias
1765 3976 1906 4021 esse
1952 3955 2285 4021 contendit
2327 3976 2431 4021 res
2476 3956 2761 4044 singulae

557 4065 625 4120 et
664 4068 1011 4139 concretaS,
1057 4059 1257 4145 qualis
1294 4070 1390 4124 est
1424 4056 1462 4123 ὁ
1504 4060 1604 4134 τὶς
1641 4051 2021 4145 ἄνθρωπος,
2067 4056 2104 4124 ὁ
2140 4060 2239 4136 τὶς
2275 4062 2491 4136 ἵππος.
2559 4059 2761 4146 Quod

559 4181 746 4245 quum
805 4161 958 4228 dicit
1014 4174 1078 4228 et
1135 4160 1415 4250 vulgaris
1473 4164 1800 4248 opinionis
1860 4167 2297 4230 auctoritatem
2356 4168 2639 4250 sequitur
2694 4174 2761 4230 et

557 4267 842 4331 notionis
888 4268 1006 4331 τοῦ
1037 4261 1461 4349 ὑποκειμένου
1487 4269 1616 4332 vim
1647 4265 1989 4357 diligenter
2019 4266 2334 4334 observat.
2403 4268 2531 4333 Iam
2564 4291 2759 4358 quum

557 4369 623 4432 in
669 4369 861 4435 rebus
907 4369 1172 4457 singulis
1218 4379 1284 4435 et
1322 4373 1636 4436 concretis
1673 4370 2099 4462 distinguntur
2132 4374 2410 4451 materia,
2456 4395 2618 4460 quae
2653 4372 2761 4439 de-

557 4470 791 4553 finitur,
834 4485 902 4540 et
944 4473 1176 4554 forma,
1233 4495 1358 4561 qua
1400 4473 1509 4541 illa
1555 4474 1885 4558 definitur,
1940 4477 2067 4544 boc
2108 4477 2261 4544 loco
2306 4499 2447 4544 cum
2493 4500 2564 4544 re
2609 4499 2761 4544 con-
