3109 5175
529 384 679 459 260
1333 388 1404 459 A
1460 385 1573 459 15.
1658 384 1926 461 10210.

658 565 735 640 a)
777 561 979 627 10201»
1000 562 1186 628 32-
1206 563 1416 629 loma
1442 564 1546 628 14.
1610 559 1713 629 Τὰ
1741 560 1883 628 κατ’
1910 556 2212 650 ἀριθμὸν
2237 557 2405 652 πρός
2431 585 2512 641 τι,
2554 562 2727 650 quod

527 667 793 753 primum
852 676 950 729 est
1004 664 1333 731 relationis
1389 689 1624 756 genua,
1686 671 1773 733 ita
1830 667 2163 755 distinguit
2219 678 2289 732 ut
2344 665 2634 732 dicantur
2684 662 2729 747 ἢ

527 768 752 845 ἁπλῶς
793 765 840 850 ἢ
882 766 1251 857 ὡρισμένως
1294 770 1460 857 πρὸς
1503 765 1743 847 αὑτοὺς
1778 764 1822 850 ἢ
1859 764 2026 860 πρὸς
2064 775 2131 836 ἕν
2172 772 2318 836 δ33.
2389 771 2472 834 Et
2509 768 2731 847 ἁπλῶς

526 872 776 960 quidem
815 872 986 938 idem
1026 874 1385 962 significare
1424 885 1612 962 atque
1650 871 1991 962 ἀορίστως,
2030 884 2096 939 et
2132 896 2207 939 ex
2248 877 2552 961 opposito
2590 893 2726 938 voc.

524 975 894 1065 ὡρισμένως
928 987 994 1042 et
1030 1000 1106 1043 ex
1143 977 1434 1066 exemplo
1471 978 1635 1043 infra
1680 980 1890 1044 10212
1924 979 1965 1043 4
2005 976 2200 1043 allato
2234 980 2354 1044 τοῦ
2386 974 2729 1062 ὑπερέχον-

523 1103 638 1157 τος
681 1082 794 1146 καὶ
835 1077 1313 1170 ὑπερεχομένου
1354 1094 1635 1169 apparet,
1680 1082 1758 1146 cf.
1808 1081 1888 1146 ad
1938 1082 2007 1146 A
2052 1084 2114 1147 ὃ.
2160 1083 2328 1148 987ae
2362 1083 2471 1147 21.
2558 1080 2730 1145 Reli-

526 1207 647 1270 qua
682 1195 889 1249 autem
922 1184 1343 1250 distinctionis
1374 1208 1540 1272 para,
1586 1208 1777 1272 quum
1814 1185 1968 1250 dicit
2000 1209 2083 1250 τα
2114 1181 2282 1271 πρός
2316 1208 2376 1250 τι
2411 1186 2726 1268 λέγεσθαι

525 1285 895 1373 ὡρισμένως
937 1281 1104 1372 πρὸς
1142 1282 1382 1365 αὐτοὺς
1419 1285 1464 1369 ἢ
1497 1283 1664 1373 πρὸς
1700 1295 1786 1367 ἓν,
1831 1289 2157 1375 quomodo
2189 1293 2271 1355 sit
2298 1287 2728 1377 intelligenda,

525 1395 710 1456 unice
767 1413 843 1455 ex
902 1391 1202 1477 exemplis
1261 1397 1569 1481 cognosci
1622 1404 1862 1480 potest,
1921 1393 2230 1480 siquidem
2275 1388 2621 1458 διπλάσιον
2663 1401 2728 1456 et

525 1491 742 1578 ἥμισυ,
789 1490 1090 1580 ἡμιόλιον
1137 1505 1201 1561 et
1234 1494 1635 1586 ὑφημιόλιον
1672 1496 1933 1562 definita
1972 1506 2124 1563 sunt
2157 1491 2323 1582 πρὸς
2352 1501 2438 1573 ἕν,
2479 1495 2727 1560 πολλα-

524 1594 810 1664 πλάσιον
845 1609 1054 1664 autem
1093 1610 1158 1665 et
1191 1596 1782 1686 πολλοστημόριον,
1823 1597 2164 1688 ἐπιμόριον
2201 1611 2266 1666 et
2302 1595 2727 1684 ὑπεπιμόριον

525 1701 791 1770 definita
837 1702 1090 1788 quidem
1134 1714 1310 1783 sunt,
1368 1725 1490 1770 nec
1534 1717 1744 1769 tamen
1787 1700 1953 1789 πρὸς
1997 1709 2094 1781 ἓν,
2153 1702 2267 1768 sed
2312 1706 2479 1767 inter
2520 1722 2590 1767 se
2634 1704 2727 1767 in-

523 1812 744 1873 vicem.
833 1807 1144 1872 Nimirum
1202 1830 1619 1895 quaecunque
1669 1808 1797 1873 hoc
1838 1830 2029 1874 sensu
2075 1817 2225 1873 suut
2264 1803 2431 1891 πρός
2469 1830 2534 1871 τι
2574 1801 2716 1871 κατ’

524 1906 856 1999 ἀριθμόν,
924 1932 1001 1976 ea
1059 1914 1268 1978 omnia
1326 1911 1693 2001 significant
1754 1914 2119 1998 reciprocos
2175 1931 2496 1991 numeros,
2564 1912 2727 1976 reci·

512 2016 729 2103 probe
782 2015 1086 2098 werthe,
1145 2036 1308 2103 qnos
1365 2014 1562 2081 hodie
1621 2015 1840 2081 dicunt
1895 2016 2342 2090 mathematici;
2400 2016 2465 2080 hi
2520 2025 2724 2081 autem

526 2124 773 2187 numeri
816 2123 1129 2207 reciproci
1173 2118 1281 2185 vel
1327 2133 1587 2185 eatenus
1632 2130 1876 2186 tantum
1920 2119 2168 2186 definiti
2212 2131 2374 2199 sunt,
2419 2129 2726 2206 quatenus

523 2226 726 2312 ipsam
780 2229 1173 2311 reciprocam
1236 2223 1505 2289 duorum
1569 2245 1973 2291 numerorum
2030 2228 2340 2290 rationem
2400 2225 2729 2289 continent

525 2341 1063 2445 (πολλαπλάσιον
1097 2342 1686 2434 πολλοστημόριον,
1731 2349 1772 2411 i.
1804 2368 1860 2411 e.
1900 2370 1970 2426 x,
2004 2327 2081 2436 ὲ,
2127 2341 2467 2432 ἐπιμόριον
2500 2342 2728 2411 ὑπεπι-

524 2466 778 2558 μόριον,
815 2471 855 2534 i.
888 2492 942 2535 e.
976 2447 1138 2559 ss,
1181 2459 1367 2573 ,ff-1),
1411 2468 1518 2534 vel
1562 2473 1651 2534 ita
1696 2485 1766 2535 ut
1808 2492 1995 2535 unam
2038 2470 2351 2557 quandam
2395 2480 2461 2534 et
2497 2479 2725 2533 certam

526 2590 890 2682 significent
924 2594 1238 2656 rationem
1273 2590 1510 2670 (veluti
1548 2587 1896 2658 διπλάσιον
1931 2588 2148 2674 ἥμισυ,
2187 2595 2225 2654 i.
2261 2614 2315 2656 e.
2352 2593 2413 2668 2,
2448 2592 2493 2674 ᾗ,
2534 2582 2727 2674 ἡμιό·

525 2699 670 2763 λιον
711 2693 1128 2786 ὑφημιόλιον,
1173 2698 1211 2758 i.
1245 2717 1299 2759 e.
1349 2696 1404 2780 ἐξ,
1451 2697 1537 2779 Ξ).
1631 2694 1745 2759 Illa
1799 2695 1951 2760 dicit
1993 2696 2313 2779 λέγεσθαι
2357 2690 2725 2779 ὡρισμένως

525 2794 691 2885 πρὸς
734 2794 977 2875 αὐτούς
1019 2798 1122 2863 vel
1168 2794 1340 2864 κατὰ
1382 2795 1698 2885 ἀόριστον
1740 2802 1849 2878 ⁶3,
1892 2800 2051 2865 haec
2094 2793 2258 2883 πρὸς
2304 2803 2371 2862 ἓν
2414 2797 2519 2862 vel
2562 2788 2729 2881 πρὸς

528 2896 831 2990 ἀριθμὸν
875 2900 1253 2988 ὡρισμένον.
1346 2902 1547 2968 Aliter
1592 2904 1895 2971 Trendel.
1943 2905 2089 2969 Kat.
2136 2926 2197 2990 p.
2240 2903 2365 2968 122
2413 2913 2477 2966 et
2519 2900 2724 2967 Schw.

528 3006 607 3073 ad
652 3007 713 3072 h.
760 3004 802 3070 l.
848 3006 1043 3071 verba
1091 3007 1450 3072 Aristotelis
1497 3017 1648 3072 sunt
1691 3010 2105 3094 interpretati.
2195 3006 2279 3071 Et
2322 3006 2432 3070 ille
2476 3003 2727 3091 quidem

528 3111 707 3176 dicit:
761 3109 885 3174 dac
940 3109 1351 3198 Verhiiltnifh
1394 3111 1513 3176 der
1567 3109 1852 3191 zalulon,
1909 3117 2147 3196 miigen
2199 3114 2299 3175 aie
2342 3108 2480 3174 sicli
2524 3106 2728 3173 durch

526 3216 670 3280 eine
703 3212 1057 3303 Differ-eriz
1100 3215 1259 3279 oder
1305 3218 1492 3279 einen
1524 3215 1954 3301 Exponenten
1999 3215 2135 3302 avgt'
2167 3212 2480 3279 einander
2522 3211 2726 3277 bezze-

526 3318 685 3399 Ioen3
742 3327 807 3382 at
862 3317 1290 3382 arithmeticae
1347 3322 1612 3383 rationis
1673 3341 1755 3384 ne
1813 3317 2197 3384 levissimum
2244 3317 2496 3403 quidem
2539 3319 2726 3382 vesti-

526 3426 696 3512 gium
756 3432 971 3508 potest
1027 3424 1094 3486 in
1151 3422 1246 3487 his
1302 3426 1598 3510 reperiri,
1657 3424 1770 3489 sed
1831 3427 2038 3489 omnia
2097 3422 2178 3487 ad
2236 3425 2518 3486 rationes
2574 3442 2727 3509 geo-

522 3530 812 3592 metricas
868 3525 1201 3591 referenda
1247 3538 1411 3593 sunt.
1501 3528 1945 3617 Schwegierus
2004 3538 2212 3591 autem
2270 3524 2444 3611 quod
2492 3525 2585 3608 τῷ
2630 3525 2725 3589 δι·-

523 3632 781 3715 πλασίῳ
839 3633 1083 3718 opponi
1138 3642 1321 3717 putat
1368 3627 1439 3696 τὸ
1488 3637 1584 3709 ἕν,
1641 3632 1765 3696 das
1821 3628 2232 3719 Verhiiltnifa
2277 3630 2392 3694 dea
2435 3628 2724 3715 1101)ρεὶ-

524 3747 632 3800 len
674 3757 819 3799 zum
862 3734 1067 3817 Eius,
1114 3733 1180 3798 id
1226 3758 1414 3821 quum
1460 3757 1579 3822 per
1621 3757 1691 3800 se
1737 3756 1871 3800 non
1915 3737 1999 3800 sit
2041 3738 2340 3822 ineptum,
2384 3742 2724 3820 propterea

526 3857 659 3905 non
700 3859 959 3925 possum
1003 3837 1298 3925 probare,
1345 3843 1487 3925 quia
1521 3838 1918 3919 Aristotele3‚
1963 3841 2019 3903 si
2048 3839 2175 3904 hoc
2208 3835 2533 3916 voluisset,
2577 3839 2725 3901 scri-

525 3946 756 4031 psisset
797 3936 961 4031 πρὸς
1003 3936 1091 4009 τὸ
1137 3948 1222 4020 ἕν,
1267 3964 1389 4007 nec
1432 3942 1800 4029 simpliciter
1842 3936 2009 4029 πρὸς
2053 3947 2139 4020 ἕν,
2186 3951 2251 4007 et
2295 3944 2442 4028 quia
2489 3940 2723 4027 ubique

526 4041 870 4111 διπλάσιον
928 4057 993 4112 et
1050 4043 1253 4132 ἥμισυ
1311 4058 1621 4132 tamquam
1679 4044 2202 4136 ἀντιστρέφοντα
2247 4045 2326 4110 ab
2375 4044 2723 4110 Aristotele

526 4151 904 4230 afferuntur,
955 4151 1033 4215 cf.
1081 4150 1224 4217 Cat.
1273 4152 1333 4215 6.
1381 4151 1452 4215 6ὂ
1495 4152 1600 4216 30.
1662 4152 1732 4215 Ίὸ
1775 4152 1877 4214 16.
1923 4148 2001 4214 al.
2048 4185 2134 4196 —
2192 4149 2321 4214 Ubi
2369 4148 2601 4215 deinde
2645 4145 2721 4213 τὸ

523 4250 833 4340 ὑπερέχον
875 4256 989 4321 καὶ
1030 4250 1107 4320 τὸ
1146 4248 1620 4339 ὑπερεχόμενον
1659 4275 1797 4318 esse
1836 4253 1990 4318 dixit
2023 4248 2189 4329 ὅλως
2223 4250 2538 4340 ἀόριστον
2571 4248 2713 4317 κατ’

526 4354 856 4443 ἀριθμόν,
902 4360 1061 4423 haec
1104 4356 1306 4422 addit:
1365 4354 1401 4422 ὁ
1446 4352 1576 4445 γὰρ
1621 4352 1919 4445 ἀριθμὸς
1963 4353 2356 4442 σύμμετρος·
2415 4352 2586 4421 κατὰ
2628 4348 2721 4439 μὴ

527 4456 894 4548 σύμμετρον
958 4463 1026 4528 δὲ
1092 4454 1392 4546 ἀριθμὸν
1460 4464 1714 4546 λέγεται
1769 4466 1919 4544 (int.
1981 4455 2054 4526 τὸ
2110 4458 2423 4549 ὑπερέχον
2478 4464 2588 4526 καὶ
2643 4456 2720 4527 τὸ

523 4560 1050 4651 ὑπερεχόμενον).
1122 4565 1344 4630 Verba
1389 4565 1782 4633 subobscura
1828 4576 1991 4645 sunt,
2034 4568 2182 4651 quia
2225 4569 2363 4652 ipsa
2409 4566 2719 4655 cogitatio
