3109 5175
1212 350 1274 423 Θ
1320 349 1391 424 2.
1476 351 1744 425 104611.
2434 354 2575 431 383

370 524 521 591 τινὰ
576 521 654 591 τὸ
710 520 877 591 αὐτὸ
937 522 1137 604 εἶδος·
1195 526 1315 607 τῆς
1367 520 1498 613 γὰρ
1557 524 1919 619 στερήσεως
1968 527 2165 596 οὐσία
2204 529 2248 611 ἡ
2295 528 2491 597 οὐσία
2532 529 2575 612 ἡ

370 627 798 714 ἀντικειμένη,
844 625 989 696 οἷον
1032 627 1242 715 ὑγίεια
1279 626 1513 697 νόσου·
1560 634 1805 712 ἐκείνης
1838 626 1968 719 γὰρ
2007 629 2302 716 ἀπουσίᾳ
2337 635 2577 714 δηλοῦ-

370 756 479 798 ται
523 729 567 813 ἡ
615 727 829 810 νόσος,
873 729 917 812 ἡ
963 731 1023 798 δ’
1052 731 1264 818 ὑγίεια
1309 730 1346 798 ὁ
1393 739 1463 801 ἐν
1506 735 1587 825 τῇ
1621 736 1802 826 ψυχῇ
1836 730 2031 820 λόγος
2070 738 2182 802 καὶ
2218 741 2290 801 ὲν
2322 739 2401 828 τῇ
2438 742 2576 802 ἑπι-

372 831 669 926 στήμῃ.).
741 838 990 901 Etenim
1030 834 1072 917 ἡ
1112 841 1410 923 στέρησις
1449 835 1490 917 ἡ
1527 834 1750 924 πρώτη
1788 833 1864 904 τὸ
1901 842 2202 906 ἐναντίον
2239 842 2393 906 ῠ14ε
2430 841 2573 906 sub-

370 943 598 1005 iectum
648 944 963 1005 enunciati
1010 942 1288 1007 arbitror
1332 964 1470 1006 esse
1514 936 1592 1007 τὸ
1638 944 1967 1019 ἐναντίον,
2023 946 2168 1029 quia
2216 948 2353 1010 eius
2398 954 2577 1010 natu-

369 1065 502 1107 ram
563 1041 990 1109 definiendam
1046 1066 1186 1110 esse
1246 1069 1281 1111 e
1337 1047 1774 1132 superioribus
1836 1045 2045 1111 verbis
2096 1049 2221 1113 ⁶14
2282 1060 2573 1135 apparet;

372 1148 674 1212 contrarii
721 1159 973 1227 natura,
1032 1150 1147 1227 ait,
1208 1152 1486 1214 cernitur
1529 1152 1597 1214 in
1639 1152 2030 1236 privatione,
2085 1173 2206 1216 nec
2253 1162 2463 1218 tamen
2507 1157 2575 1219 in

373 1250 656 1338 qualibet
711 1254 1103 1339 privatione,
1160 1252 1275 1318 sed
1333 1257 1398 1318 in
1455 1255 1685 1339 prima,
1740 1255 1780 1316 i.
1818 1274 1872 1318 e.
1920 1254 2111 1340 plena
2157 1278 2233 1321 ac
2276 1257 2575 1344 perfecta,

371 1355 454 1421 cf.
499 1357 548 1420 I
586 1358 646 1420 4.
694 1358 907 1421 1055a
947 1358 1061 1422 34:
1126 1353 1205 1422 οὐ
1260 1358 1448 1423 πᾶσα
1506 1358 1575 1422 δὲ
1633 1360 1933 1445 στέρησις
1986 1364 2139 1435 (int.
2199 1361 2577 1435 ἐναντίωσίς

371 1464 577 1538 ἐστι),
634 1461 979 1545 πολλαχῶς
1034 1454 1163 1545 γὰρ
1207 1461 1462 1545 λέγεται
1504 1458 1545 1541 ἡ
1595 1464 1921 1548 στέρησις,
1979 1459 2126 1527 ἀλλ’
2164 1456 2305 1543 ἥτις
2347 1458 2433 1528 ἂν
2472 1486 2576 1529 τε-

373 1563 518 1627 λεία
559 1553 620 1655 ᾖ.
710 1562 910 1650 Atqui
953 1565 1225 1651 privatio
1273 1562 1614 1628 conficitur
1656 1586 1772 1651 per
1813 1569 2252 1654 negationem,
2295 1561 2463 1647 αὕτη
2508 1564 2566 1631 δ’

371 1658 693 1757 ἀποφορὰ
727 1669 1024 1752 θατέρου
1052 1669 1180 1733 ὁ15
1218 1668 1338 1749 (cf.
1376 1690 1539 1754 quae
1576 1673 1928 1735 accuratius
1964 1669 2045 1735 de
2080 1674 2425 1760 negatione
2451 1673 2576 1757 pri-

369 1774 629 1836 vatione
676 1774 1127 1836 contrarietate
1172 1775 1465 1856 exposuit
1493 1773 1603 1837 Ar.
1642 1775 1692 1839 I
1723 1776 1783 1839 4.
1827 1776 2028 1839 10551»
2055 1778 2092 1839 l
2134 1779 2326 1862 sqq.).
2396 1777 2575 1862 Ergo

369 1875 715 1940 rationales
760 1878 1106 1962 potentiae,
1153 1879 1451 1961 quoniam
1497 1898 1638 1942 cum
1685 1877 2111 1943 affirmatione
2158 1882 2341 1944 etiam
2386 1899 2577 1965 nega·

371 1982 608 2044 tionem
657 1982 937 2044 notionis
984 1982 1344 2059 continent,
1398 1980 1477 2045 ad
1525 1985 1842 2046 contraria
1889 1981 2148 2047 eaedem
2196 1980 2575 2045 referuntur.

370 2084 457 2148 Et
511 2105 880 2169 quamquam
941 2086 1255 2148 contraria
1313 2105 1450 2149 non
1505 2095 1780 2171 possunt
1828 2084 2014 2150 simul
2058 2106 2201 2150 esse
2243 2087 2308 2150 in
2355 2082 2576 2149 eadem

253 2242 258 2248 .
369 2209 445 2253 re
491 2187 610 2266 (cf.
651 2188 719 2251 Γ
745 2189 808 2252 3.
847 2188 1050 2252 10051)
1072 2189 1220 2270 26),
1265 2198 1474 2253 tamen
1520 2191 1728 2252 anima
1770 2187 1876 2253 vel
1921 2210 2023 2254 ars
2068 2188 2150 2254 ab
2197 2187 2417 2255 eadem
2461 2208 2578 2252 no-

371 2293 552 2356 tione
609 2290 897 2377 profecta
956 2286 1132 2371 (ἀπὸ
1177 2293 1297 2372 τῆς
1338 2289 1544 2372 αὐτῆς
1589 2289 1796 2378 ἀρχῆς
1834 2295 2002 2374 ὁ22)
2063 2303 2127 2358 et
2183 2291 2265 2357 ad
2311 2289 2577 2357 eandem

372 2399 702 2460 notionem
743 2396 1027 2459 referens
1068 2415 1241 2460 suam
1279 2398 1596 2460 actionem
1644 2393 1849 2482 (πρὸς
1890 2390 1967 2462 τὸ
2013 2390 2176 2460 αὐτὸ
2212 2390 2577 2486 συνάψασα

370 2501 540 2579 ⁸22)
585 2502 900 2564 ‘contraria
942 2498 1219 2563 faciendi
1257 2498 1451 2564 habet
1486 2499 1869 2567 facultatem.
1937 2500 2097 2564 ⁶22:
2144 2492 2248 2564 διὸ
2284 2494 2370 2563 τὰ
2405 2491 2576 2563 κατὰ

372 2599 576 2688 λόγον
618 2598 870 2670 δυνατοὶ
911 2609 1053 2680 τοῖς
1096 2595 1253 2668 ἄνευ
1297 2598 1498 2688 λόγου
1542 2605 1848 2681 δυνατοῖς
1889 2611 2063 2670 ποιεῖ
2100 2599 2443 2682 τάναντία,
2484 2604 2578 2667 ni-

372 2710 593 2773 mirum
638 2706 1044 2773 irrationales
1089 2706 1382 2795 singulae
1424 2706 1693 2797 singula,
1736 2707 2079 2772 rationales
2125 2705 2386 2771 eaedem
2427 2728 2577 2772 con-

372 2814 563 2876 traria
603 2810 918 2877 efficiunt:
960 2814 1085 2895 μιᾷ
1126 2804 1255 2897 γὰρ
1299 2807 1467 2899 ἀρχῇ
1508 2815 1873 2898 περιέχεται
1917 2815 2067 2891 (int.
2101 2814 2415 2876 contraria
2449 2809 2577 2890 illa,

373 2936 535 3001 quae
573 2914 860 2981 efficiunt
895 2919 1225 3001 potentiae
1262 2912 1668 2994 rationales),
1711 2916 1803 2997 τῷ
1848 2910 2039 2998 λόγῳ.
2078 2951 2159 2965 -
2207 2915 2477 2980 Secutus
2508 2915 2578 2979 in

371 3019 469 3083 his
523 3017 866 3085 lectionem
912 3018 1089 3084 Alex.
1141 3041 1203 3104 p.
1241 3019 1388 3098 539,
1432 3020 1521 3084 29
1579 3029 1647 3083 et
1703 3017 1846 3083 cod.
1891 3017 1965 3082 E
2018 3016 2295 3083 dativum
2352 3021 2577 3105 scripsi

370 3125 495 3210 μιᾷ
540 3120 735 3212 ἀρχῇ,
785 3126 886 3188 cui
931 3124 1355 3209 appositionis
1401 3121 1550 3189 loco
1599 3122 1881 3188 additum
1926 3125 2010 3187 sit
2052 3125 2143 3207 τῷ
2190 3118 2385 3207 λόγῳ,
2426 3125 2575 3209 quia

369 3224 545 3315 vulg.
590 3228 713 3311 μία
757 3223 929 3314 ἀρχή
976 3225 1275 3312 explicari
1312 3226 1491 3291 nullo
1533 3225 1729 3291 modo
1767 3237 1998 3313 potest.
2034 3266 2114 3279 —
2156 3229 2284 3292 ⁶15
2329 3227 2469 3291 ἐπεὶ
2507 3226 2578 3291 δὲ

371 3365 456 3378 -
487 3331 576 3394 20
604 3323 827 3419 ἄμφω.
895 3330 967 3394 In
1000 3328 1268 3416 apodosi
1307 3328 1437 3394 duo
1481 3329 1733 3415 quidem
1770 3329 2076 3395 membra:
2112 3325 2191 3396 τὸ
2227 3331 2350 3415 μὲν
2380 3326 2579 3413 ὑγιει-

370 3428 493 3498 νόν
536 3470 623 3483 ·-—
666 3428 1053 3522 ψυχρότητα
1101 3443 1189 3499 et:
1235 3428 1273 3497 ὁ
1320 3428 1379 3496 δ’
1418 3428 1791 3516 ἐπιστήμων
1835 3426 2066 3522 ἄμφω,
2126 3436 2305 3519 quasi
2349 3430 2575 3496 eodem

371 3535 604 3601 ordine
648 3539 817 3601 iuxta
862 3559 932 3600 se
977 3540 1186 3622 posita
1230 3546 1396 3615 sunt,
1441 3535 1555 3600 sed
1603 3539 1737 3622 ipsa
1782 3535 2089 3622 apodosis
2137 3539 2321 3601 unice
2361 3539 2426 3600 in
2462 3554 2578 3620 po-

373 3643 643 3705 steriore
687 3640 970 3706 membro
1018 3644 1410 3716 continetur3
1456 3643 1632 3727 prius
1678 3643 2081 3729 grammatice
2123 3637 2577 3720 com-dinatum,

371 3765 444 3808 re
498 3765 650 3808 vera
707 3745 1057 3809 subiectum
1119 3755 1215 3809 est
1270 3744 1451 3810 alteri
1504 3744 1811 3810 membro.
1901 3744 2003 3810 ct.
2065 3742 2147 3809 de
2204 3744 2331 3809 hoc
2374 3742 2578 3808 abusu

370 3858 562 3934 partt.
606 3850 730 3931 μέν
776 3887 857 3900 -
904 3849 974 3914 δέ
1021 3851 1177 3915 Xen.
1217 3847 1375 3935 Cyr.
1412 3849 1442 3912 1
1483 3851 1540 3926 1,
1586 3851 1628 3914 4
1675 3859 1741 3913 et
1783 3850 2084 3915 Bornem.
2132 3846 2211 3912 ad
2256 3849 2317 3911 h.
2358 3845 2401 3914 Ι.

507 3953 822 4018 10461124
868 3947 1231 4043 φανερὸν
1268 3990 1347 4004 -
1389 3954 1478 4018 28
1515 3959 1806 4018 ποιεῖν.
1877 3952 2041 4019 Cum
2080 3955 2369 4041 potentia
2407 3951 2578 4015 bene

373 4056 694 4143 quidpiam
739 4056 1011 4122 faciendi
1058 4057 1421 4122 necessario
1466 4058 1807 4121 coniuncta
1848 4067 1948 4122 est
1988 4051 2396 4139 (ἀκολουθεῖ
2429 4056 2575 4132 ὁ25,

380 4158 455 4226 cf.
500 4159 584 4226 ad
621 4162 694 4226 A
733 4163 791 4226 l.
825 4163 995 4227 9810
1017 4162 1145 4241 27)
1190 4158 1559 4247 simpliciter
1600 4159 1875 4227 faciendi
1921 4161 2203 4242 facultas,
2247 4182 2381 4226 non
2426 4161 2575 4223 item

381 4274 610 4329 contra.
951 4269 956 4274 '
