3109 5175
543 366 689 450 268
1343 370 1414 441 A
1462 366 1582 440 21.
1668 365 1857 441 1022
1872 368 1935 440 b.

541 539 811 630 τοιαύτη
849 543 994 621 ὄ12,
1041 555 1105 608 et
1146 540 1182 609 ὀ
1223 544 1629 628 διακείμενος
1668 534 1739 609 εὖ
1777 539 1821 625 ἢ
1855 546 2067 622 κακῶς
2102 540 2435 623 διάκειται,
2480 555 2748 631 propter

541 647 609 713 id
653 651 859 735 ipsum
906 657 1074 713 esset
1117 643 1243 724 ἕξις
1287 643 1531 731 ὑγιεινή
1576 647 1681 711 vel
1725 643 2039 728 νοσώδης.
2130 649 2359 736 Longe
2402 652 2635 714 rectius
2680 661 2747 714 et

541 776 721 819 suum
778 766 845 818 et
904 748 1174 826 eundem
1231 750 1561 841 vulgarem
1606 773 1750 817 voc.
1797 749 1923 831 ἕξις
1979 774 2157 817 usum
2206 751 2580 818 Aristoteles
2637 752 2744 818 de-

541 860 796 945 scripsit
833 854 977 922 Cat.
1015 855 1076 918 8.
1117 854 1191 920 8⁶
1215 855 1495 920 25—9a
1523 857 1625 934 13,
1673 876 1747 919 ex
1792 877 1915 942 qua
1959 854 2391 942 disputatione
2434 858 2592 922 haec
2629 877 2744 943 po·

540 965 843 1027 tissimum
875 971 1023 1026 sunt
1053 959 1468 1024 conferenda:
1500 960 1839 1036 διαθέσεις
1868 960 1936 1025 δὲ
1965 962 2270 1043 λέγονται
2297 956 2343 1025 ἅ
2371 966 2548 1026 ἐστιν
2578 959 2745 1027 εὐκί-

539 1089 710 1146 νητα
753 1067 868 1130 καὶ
917 1057 1079 1147 ταχυ
1115 1059 1640 1147 μεταβάλλοντα,
1684 1059 1831 1128 οἶον
1866 1060 2205 1150 θερμότης
2237 1067 2350 1131 καὶ
2379 1062 2745 1155 κατάψυξις

540 1171 650 1236 καὶ
695 1164 893 1245 νόσος
935 1168 1049 1232 καὶ
1091 1163 1306 1249 ὑγίεια
1347 1168 1459 1232 καὶ
1503 1162 1635 1232 ὅσα
1678 1161 1852 1232 ἄλλα
1896 1169 2201 1234 τοιαῦτα·
2258 1165 2575 1234 διάκειται
2624 1171 2744 1253 μὲν

539 1269 668 1358 γάρ
712 1296 850 1349 πως
891 1263 1066 1336 κατὰ
1108 1265 1350 1347 ταύτας
1396 1266 1433 1336 ὁ
1479 1262 1872 1358 ἄνθρωπος,
1916 1268 2082 1356 ταχὺ
2122 1273 2193 1338 δὲ
2235 1269 2633 1356 μεταβάλλει
2674 1277 2745 1338 ἐκ

541 1378 805 1464 θερμοῦ
860 1367 1114 1463 ψυχρὸς
1166 1372 1512 1459 γενόμενος
1565 1375 1678 1440 καὶ
1734 1380 1803 1440 ὲκ
1846 1377 1966 1441 τοῦ
2008 1373 2327 1458 ὑγιαίνειν
2371 1381 2462 1452 εὶς
2504 1371 2582 1442 τὸ
2630 1399 2742 1442 νο·-

543 1491 682 1546 σεῖν
718 1480 852 1545 κτλ.
893 1516 980 1528 -
1025 1472 1188 1542 ὥστε
1233 1478 1529 1568 διαφέρει
1576 1475 1702 1556 ἕξις
1746 1479 2112 1555 διαθέσεως
2154 1481 2245 1561 τῷ
2288 1472 2366 1544 τὸ
2410 1482 2532 1565 μὲν
2575 1478 2743 1547 εὐκί-

539 1607 741 1665 νητον
785 1580 977 1661 εἶναι,
1037 1577 1118 1647 τὸ
1169 1581 1237 1647 δὲ
1281 1577 1878 1670 πολυχρονιώτερόν
1919 1606 1988 1648 τε
2032 1584 2146 1664 καὶ
2187 1579 2740 1669 δυσκινητότερον.

543 1689 665 1753 εἰσὶ
709 1683 768 1751 δ’
809 1689 879 1751 αἱ
922 1689 1041 1771 μὲν
1086 1682 1243 1764 ἕξεις
1285 1686 1397 1749 καὶ
1441 1685 1810 1765 διαθέσεις,
1867 1690 1939 1751 αὶ
1996 1686 2065 1752 δὲ
2123 1687 2463 1764 διαθέσεις
2512 1683 2630 1754 οὐκ
2672 1684 2742 1766 ἐξ

541 1786 832 1874 ἀνάγκης
877 1788 1062 1869 ἕξεις·
1123 1793 1195 1853 αἱ
1249 1790 1368 1871 μὲν
1421 1782 1549 1873 γάρ
1609 1787 1770 1868 ἕξεις
1821 1791 2074 1874 ἔχοντες
2115 1793 2229 1855 καὶ
2270 1786 2629 1856 διάκεινταί
2668 1794 2740 1875 γε

541 1917 679 1969 πως
719 1890 865 1957 κατ’
905 1889 1126 1971 αὐτάς,
1170 1897 1234 1958 οἱ
1281 1892 1350 1957 δὲ
1395 1892 1790 1978 διακείμενοι
1824 1890 1905 1958 οὐ
1937 1889 2201 1972 πάντως
2237 1897 2352 1959 καὶ
2389 1891 2521 1972 ἕξιν
2560 1896 2742 1979 ἔχου-

542 2019 663 2065 σιν.
754 1997 1188 2063 Diuturnitate
1245 2000 1438 2086 igitur
1497 2009 1561 2061 et
1613 1996 1910 2063 firmitate
1957 1995 2087 2077 ἕξιν
2130 2019 2168 2062 a
2212 1997 2497 2062 mutabili
2544 2010 2608 2063 et
2650 2001 2743 2062 in-

540 2106 859 2167 constanti
913 2103 1277 2178 διαθὲσεως
1329 2112 1552 2167 natura
1598 2100 1948 2191 distinguit.
1998 2139 2078 2152 ——
2135 2104 2312 2167 Haec
2357 2101 2740 2190 significatio

542 2202 728 2283 ἕξεως
771 2207 850 2270 ab
897 2210 1196 2272 universo
1244 2227 1547 2292 corpore,
1594 2205 1769 2291 quod
1814 2205 1918 2269 vel
1962 2205 2128 2271 bene
2171 2204 2280 2271 vel
2321 2205 2487 2270 male
2532 2206 2737 2285 babet,

541 2312 726 2374 etiam
771 2307 852 2373 ad
897 2309 1180 2397 singulas
1223 2319 1439 2395 partes
1486 2309 1875 2386 transfertur,
1921 2331 2178 2395 quarum
2224 2310 2331 2375 vel
2365 2312 2601 2375 virtute
2637 2308 2740 2375 vel

540 2415 851 2500 pravitate
898 2416 1189 2478 universa
1233 2411 1344 2477 illa
1392 2409 1517 2491 ἕξις
1563 2413 1913 2490 conficitur,
1959 2416 2104 2492 ⁶13,
2152 2415 2252 2479 14.

671 2517 775 2581 De
821 2521 1086 2581 notione
1130 2513 1316 2596 ἕξεως
1362 2516 1439 2581 ef.
1483 2516 1784 2583 Trendel.
1816 2518 2045 2584 Waitz
2081 2518 2270 2584 Biese
2312 2516 2381 2583 11.
2412 2516 2478 2583 ΙΙ.
2524 2527 2590 2583 et
2623 2537 2741 2584 nos

541 2620 624 2688 ad
665 2625 741 2689 A
783 2623 845 2688 3.
895 2623 1104 2689 107oa
1149 2623 1251 2687 12.

1391 2887 1622 2962 CAP.
1687 2887 1892 2963 XXI‘.

673 3043 806 3113 Πά
825 3049 981 3122 θος
1016 3049 1299 3132 primum,
1340 3048 1544 3112 1022&
1572 3050 1752 3113 15-
1774 3047 1872 3124 18,
1906 3044 2129 3111 iisdem
2157 3067 2359 3132 prope
2388 3043 2601 3109 verbis
2633 3043 2741 3108 de-

539 3151 699 3230 finit,
744 3151 972 3236 quibus
1016 3170 1206 3236 supra
1251 3172 1404 3214 usus
1451 3160 1547 3214 est
1596 3151 1677 3216 ad
1723 3149 2203 3216 describendam
2249 3172 2435 3215 unam
2479 3146 2743 3235 qualita-

541 3259 622 3320 tis
666 3254 1214 3343 significationem,
1261 3255 1362 3320 14.
1414 3256 1616 3320 1οἳοὀ
1652 3257 1914 3320 8-12.
1991 3254 2178 3340 Quae
2223 3253 2473 3341 quidem
2519 3251 2742 3318 defini-

543 3363 636 3424 tio
691 3360 811 3424 τοῦ
865 3354 1136 3434 πάθους
1194 3360 1492 3444 quoniam
1551 3380 1858 3446 suspensa
1919 3366 2015 3423 est
2060 3380 2095 3422 a
2140 3361 2408 3424 notione
2465 3351 2741 3424 ἀλλοιώ-

542 3485 719 3540 σεως,
763 3459 1033 3542 ποιότης
1073 3458 1244 3526 καθ’
1284 3456 1367 3542 ἢν
1410 3460 1864 3531 ἀλλοιοῦσθαι
1905 3463 2244 3547 ἐνδέχεται,
2286 3466 2338 3527 si
2384 3464 2739 3549 quaerimus

541 3566 696 3655 quid
743 3566 967 3632 dixerit
1010 3566 1388 3632 Aristoteles
1433 3564 1816 3645 ἀλλοίωσιν,
1860 3565 1942 3632 ad
1987 3565 2241 3631 easdem
2283 3563 2633 3646 ποιότητος
2677 3574 2741 3629 et

539 3667 811 3747 πάθους
847 3674 1148 3736 notiones
1188 3673 1502 3736 reiicimnr
1547 3672 1783 3758 (Phys.
1814 3672 1879 3732 V
1910 3672 1973 3735 2.
2008 3671 2180 3735 226a
2203 3673 2319 3736 26:
2363 3668 2406 3750 ἡ
2453 3673 2571 3755 μὲν
2620 3658 2739 3734 οὖν

541 3770 710 3840 κατὰ
753 3769 831 3841 τὸ
876 3770 1071 3842 ποιὸν
1114 3778 1365 3854 κίνησις
1409 3771 1756 3850 ἀλλοίωσις
1800 3775 1978 3851 ἔστω,
2026 3774 2103 3838 cf.
2150 3777 2227 3840 N
2266 3776 2324 3839 1.
2373 3774 2583 3840 1088«
2620 3773 2735 3849 323

539 3883 614 3946 A
661 3882 722 3944 2.
772 3881 973 3945 1069b
1015 3881 1125 3945 12:
1182 3875 1530 3954 ἀλλοίωσις
1586 3878 1655 3942 δὲ
1711 3873 1753 3956 ἡ
1810 3871 1981 3941 κατὰ
2035 3873 2113 3943 τὸ
2155 3873 2390 3954 πάθος
2433 3879 2736 3958 κίνησις),

542 3982 707 4047 adeo
738 3986 904 4048 utin
934 3985 1072 4070 ipsa
1109 3982 1487 4049 definitione
1521 3979 1681 4046 nihil
1715 3980 2058 4047 babeamus
2090 3981 2353 4061 definiti,
2398 3981 2513 4047 sed
2552 3984 2737 4047 unice

544 4108 619 4150 ex
650 4084 947 4152 adhibitis
979 4086 1278 4174 exemplis
1311 4089 1640 4151 notionem
1675 4083 2019 4151 debeamus
2049 4084 2373 4174 colligere,
2402 4087 2481 4151 ef.
2499 4084 2736 4150 Trend.

544 4191 689 4255 Kat.
735 4214 797 4277 p.
834 4194 939 4257 99.
989 4228 1070 4243 —
1119 4191 1308 4277 Quae
1355 4188 1588 4255 deinde
1632 4188 1986 4255 afferuntur
2027 4192 2146 4256 τοῦ
2184 4185 2457 4266 πάθους
2500 4187 2740 4279 signifi-

544 4298 847 4373 cationes„
892 4317 1007 4361 eae
1052 4315 1273 4360 omnes
1318 4292 1397 4358 ad
1443 4294 1608 4357 hauc
1650 4295 1911 4378 primam
1956 4294 2334 4359 referuntur.
2404 4292 2740 4382 Significat

544 4402 708 4463 enim
753 4396 985 4476 πάθος
1028 4419 1162 4463 non
1208 4397 1413 4463 solum
1459 4396 1852 4485 qualitatem,
1896 4420 2057 4484 quae
2102 4398 2538 4464 alterationem
2584 4399 2741 4462 reci-

541 4505 652 4591 pit,
695 4503 811 4570 sed
854 4507 1049 4591 ipsam
1096 4505 1282 4569 etiam
1330 4501 1770 4569 alterationem
1816 4512 1882 4569 et
1920 4505 2349 4583 mutationem,
2393 4524 2510 4589 per
2555 4522 2739 4590 quam
