<?xml version="1.0" encoding="UTF-8"?>
<!DOCTYPE html PUBLIC "-//W3C//DTD XHTML 1.0 Transitional//EN"
    "http://www.w3.org/TR/xhtml1/DTD/xhtml1-transitional.dtd">
<html xmlns="http://www.w3.org/1999/xhtml" xml:lang="en" lang="en">
 <head>
  <title>
</title>
<meta http-equiv="Content-Type" content="text/html;charset=utf-8" />
  <meta name='ocr-system' content='tesseract 3.04.00' />
  <meta name='ocr-capabilities' content='ocr_page ocr_carea ocr_par ocr_line ocrx_word'/>
</head>
<body>
  <div class='ocr_page' id='page_1' title='image "aristotelismeta01bonigoog_0038.png"; bbox 0 0 3109 5175; ppageno 0'>
   <div class='ocr_carea' id='block_1_1' title="bbox 550 361 647 437">
    <p class='ocr_par' dir='ltr' id='par_1_1' title="bbox 550 361 647 437">
     <span class='ocr_line' id='line_1_1' title="bbox 550 361 647 437; baseline 0 0"><span class='ocrx_word' id='word_1_1' title='bbox 550 361 647 437; x_wconf 80' lang='lat'><strong>28</strong></span> 
     </span>
    </p>
   </div>
   <div class='ocr_carea' id='block_1_2' title="bbox 554 537 2753 626">
    <p class='ocr_par' dir='ltr' id='par_1_2' title="bbox 554 537 2753 626">
     <span class='ocr_line' id='line_1_2' title="bbox 554 537 2753 626; baseline -0 -22"><span class='ocrx_word' id='word_1_2' title='bbox 554 541 731 604; x_wconf 87' lang='lat' dir='ltr'><strong>tione</strong></span> <span class='ocrx_word' id='word_1_3' title='bbox 772 540 843 604; x_wconf 85' lang='lat' dir='ltr'><strong>in</strong></span> <span class='ocrx_word' id='word_1_4' title='bbox 885 541 962 603; x_wconf 84' lang='lat' dir='ltr'><strong>iis</strong></span> <span class='ocrx_word' id='word_1_5' title='bbox 1009 547 1388 626; x_wconf 82' lang='lat' dir='ltr'><strong>pertractata</strong></span> <span class='ocrx_word' id='word_1_6' title='bbox 1433 537 1714 619; x_wconf 87' lang='lat' dir='ltr'><strong>videtur,</strong></span> <span class='ocrx_word' id='word_1_7' title='bbox 1775 538 2180 604; x_wconf 84' lang='lat' dir='ltr'><strong>Aristotelico</strong></span> <span class='ocrx_word' id='word_1_8' title='bbox 2225 542 2426 625; x_wconf 88' lang='lat' dir='ltr'><strong>ipsius</strong></span> <span class='ocrx_word' id='word_1_9' title='bbox 2472 537 2753 626; x_wconf 81' lang='lat' dir='ltr'><strong>discipli-</strong></span> 
     </span>
    </p>
   </div>
   <div class='ocr_carea' id='block_1_3' title="bbox 430 639 2750 735">
    <p class='ocr_par' dir='ltr' id='par_1_3' title="bbox 430 639 2750 735">
     <span class='ocr_line' id='line_1_3' title="bbox 430 639 2750 735; baseline 0 -27"><span class='ocrx_word' id='word_1_10' title='bbox 430 643 447 654; x_wconf 78' lang='grc'><em>“</em></span> <span class='ocrx_word' id='word_1_11' title='bbox 552 663 673 708; x_wconf 90' lang='lat' dir='ltr'><strong>nae</strong></span> <span class='ocrx_word' id='word_1_12' title='bbox 714 645 954 708; x_wconf 86' lang='lat' dir='ltr'><strong>nomini</strong></span> <span class='ocrx_word' id='word_1_13' title='bbox 999 639 1223 729; x_wconf 77' lang='grc' dir='ltr'><em>πρώτη</em></span> <span class='ocrx_word' id='word_1_14' title='bbox 1270 643 1659 732; x_wconf 79' lang='grc' dir='ltr'><strong><em>φιλοσοφία,</em></strong></span> <span class='ocrx_word' id='word_1_15' title='bbox 1705 644 2046 727; x_wconf 73' lang='grc' dir='ltr'><strong><em>θεολογιά,</em></strong></span> <span class='ocrx_word' id='word_1_16' title='bbox 2093 645 2331 735; x_wconf 81' lang='grc' dir='ltr'><em>σοφία,</em></span> <span class='ocrx_word' id='word_1_17' title='bbox 2373 642 2750 729; x_wconf 84' lang='lat' dir='ltr'><strong>praetulisse</strong></span> 
     </span>
    </p>
   </div>
   <div class='ocr_carea' id='block_1_4' title="bbox 459 745 2760 4564">
    <p class='ocr_par' dir='ltr' id='par_1_4' title="bbox 550 745 2751 938">
     <span class='ocr_line' id='line_1_4' title="bbox 551 745 2751 833; baseline 0.001 -24"><span class='ocrx_word' id='word_1_18' title='bbox 551 746 805 811; x_wconf 82' lang='lat' dir='ltr'><strong>videtur</strong></span> <span class='ocrx_word' id='word_1_19' title='bbox 859 768 997 812; x_wconf 85' lang='lat' dir='ltr'><strong>eam</strong></span> <span class='ocrx_word' id='word_1_20' title='bbox 1054 749 1561 833; x_wconf 76' lang='lat' dir='ltr'><strong>inscriptionem,</strong></span> <span class='ocrx_word' id='word_1_21' title='bbox 1618 769 1783 833; x_wconf 84' lang='lat' dir='ltr'><strong>quae</strong></span> <span class='ocrx_word' id='word_1_22' title='bbox 1843 745 2053 813; x_wconf 89' lang='lat' dir='ltr'><strong>locum</strong></span> <span class='ocrx_word' id='word_1_23' title='bbox 2110 746 2305 813; x_wconf 84' lang='lat' dir='ltr'><strong>modo</strong></span> <span class='ocrx_word' id='word_1_24' title='bbox 2354 759 2419 813; x_wconf 89' lang='lat' dir='ltr'><strong>et</strong></span> <span class='ocrx_word' id='word_1_25' title='bbox 2461 746 2751 812; x_wconf 84' lang='lat' dir='ltr'><strong>ordinem</strong></span> 
     </span>
     <span class='ocr_line' id='line_1_5' title="bbox 550 844 2353 938; baseline 0 -22"><span class='ocrx_word' id='word_1_26' title='bbox 550 850 775 916; x_wconf 85' lang='lat' dir='ltr'><strong>horum</strong></span> <span class='ocrx_word' id='word_1_27' title='bbox 822 850 1130 915; x_wconf 89' lang='lat' dir='ltr'><strong>librorum</strong></span> <span class='ocrx_word' id='word_1_28' title='bbox 1174 850 1578 937; x_wconf 84' lang='lat' dir='ltr'><strong>significaret,</strong></span> <span class='ocrx_word' id='word_1_29' title='bbox 1624 848 1706 914; x_wconf 81' lang='grc' dir='ltr'><strong>τὰ</strong></span> <span class='ocrx_word' id='word_1_30' title='bbox 1749 844 1915 933; x_wconf 77' lang='grc' dir='ltr'><em>μετὰ</em></span> <span class='ocrx_word' id='word_1_31' title='bbox 1960 844 2045 915; x_wconf 80' lang='grc' dir='ltr'><strong>τὰ</strong></span> <span class='ocrx_word' id='word_1_32' title='bbox 2089 848 2353 938; x_wconf 77' lang='grc' dir='ltr'><strong><em>φυσικά.</em></strong></span> 
     </span>
    </p>

    <p class='ocr_par' dir='ltr' id='par_1_5' title="bbox 488 952 2755 1661">
     <span class='ocr_line' id='line_1_6' title="bbox 681 952 2751 1041; baseline 0 -23"><span class='ocrx_word' id='word_1_33' title='bbox 681 955 869 1019; x_wconf 89' lang='lat' dir='ltr'><strong>Duae</strong></span> <span class='ocrx_word' id='word_1_34' title='bbox 913 963 1157 1019; x_wconf 85' lang='lat' dir='ltr'><strong>restant</strong></span> <span class='ocrx_word' id='word_1_35' title='bbox 1198 957 1635 1039; x_wconf 87' lang='lat' dir='ltr'><strong>quaestiones,</strong></span> <span class='ocrx_word' id='word_1_36' title='bbox 1680 952 1762 1019; x_wconf 90' lang='lat' dir='ltr'><strong>de</strong></span> <span class='ocrx_word' id='word_1_37' title='bbox 1807 954 2037 1041; x_wconf 86' lang='lat' dir='ltr'><strong>quibus</strong></span> <span class='ocrx_word' id='word_1_38' title='bbox 2081 953 2233 1040; x_wconf 88' lang='lat' dir='ltr'><strong>quid</strong></span> <span class='ocrx_word' id='word_1_39' title='bbox 2277 954 2569 1020; x_wconf 83' lang='lat' dir='ltr'><strong>videatur</strong></span> <span class='ocrx_word' id='word_1_40' title='bbox 2611 955 2751 1019; x_wconf 87' lang='lat' dir='ltr'><strong>bre·</strong></span> 
     </span>
     <span class='ocr_line' id='line_1_7' title="bbox 538 1056 2754 1146; baseline 0 -25"><span class='ocrx_word' id='word_1_41' title='bbox 538 1060 714 1122; x_wconf 79' lang='lat' dir='ltr'><strong>‘viter</strong></span> <span class='ocrx_word' id='word_1_42' title='bbox 760 1068 857 1123; x_wconf 89' lang='lat' dir='ltr'><strong>est</strong></span> <span class='ocrx_word' id='word_1_43' title='bbox 899 1056 1404 1146; x_wconf 79' lang='lat' dir='ltr'><strong>significandum.</strong></span> <span class='ocrx_word' id='word_1_44' title='bbox 1496 1059 1770 1123; x_wconf 87' lang='lat' dir='ltr'><strong>Primum</strong></span> <span class='ocrx_word' id='word_1_45' title='bbox 1831 1063 1995 1123; x_wconf 87' lang='lat' dir='ltr'><strong>enim</strong></span> <span class='ocrx_word' id='word_1_46' title='bbox 2050 1061 2395 1144; x_wconf 86' lang='lat' dir='ltr'><strong>quaeritur,</strong></span> <span class='ocrx_word' id='word_1_47' title='bbox 2450 1081 2599 1126; x_wconf 83' lang='lat' dir='ltr'><strong>num</strong></span> <span class='ocrx_word' id='word_1_48' title='bbox 2657 1059 2754 1122; x_wconf 88' lang='lat' dir='ltr'><strong>his</strong></span> 
     </span>
     <span class='ocr_line' id='line_1_8' title="bbox 488 1159 2754 1250; baseline 0.001 -26"><span class='ocrx_word' id='word_1_49' title='bbox 488 1249 491 1250; x_wconf 10' lang='lat'><em>7</em></span> <span class='ocrx_word' id='word_1_50' title='bbox 550 1159 731 1225; x_wconf 90' lang='lat' dir='ltr'><strong>libris</strong></span> <span class='ocrx_word' id='word_1_51' title='bbox 788 1162 1233 1247; x_wconf 76' lang='lat' dir='ltr'><strong>metaphysicis</strong></span> <span class='ocrx_word' id='word_1_52' title='bbox 1290 1161 1582 1227; x_wconf 88' lang='lat' dir='ltr'><strong>absoluta</strong></span> <span class='ocrx_word' id='word_1_53' title='bbox 1643 1161 1841 1227; x_wconf 81' lang='lat' dir='ltr'><strong>videri</strong></span> <span class='ocrx_word' id='word_1_54' title='bbox 1901 1167 2107 1248; x_wconf 81' lang='lat' dir='ltr'><strong>possit</strong></span> <span class='ocrx_word' id='word_1_55' title='bbox 2164 1172 2230 1226; x_wconf 89' lang='lat' dir='ltr'><strong>et</strong></span> <span class='ocrx_word' id='word_1_56' title='bbox 2271 1161 2569 1227; x_wconf 88' lang='lat' dir='ltr'><strong>conclusa</strong></span> <span class='ocrx_word' id='word_1_57' title='bbox 2620 1165 2754 1227; x_wconf 84' lang='lat' dir='ltr'><strong>Ari-</strong></span> 
     </span>
     <span class='ocr_line' id='line_1_9' title="bbox 551 1263 2752 1352; baseline 0.002 -25"><span class='ocrx_word' id='word_1_58' title='bbox 551 1263 802 1330; x_wconf 88' lang='lat' dir='ltr'><strong>stotelis</strong></span> <span class='ocrx_word' id='word_1_59' title='bbox 860 1264 941 1329; x_wconf 91' lang='lat' dir='ltr'><strong>de</strong></span> <span class='ocrx_word' id='word_1_60' title='bbox 997 1268 1201 1350; x_wconf 86' lang='lat' dir='ltr'><strong>prima</strong></span> <span class='ocrx_word' id='word_1_61' title='bbox 1258 1265 1668 1352; x_wconf 82' lang='lat' dir='ltr'><strong>philosophia</strong></span> <span class='ocrx_word' id='word_1_62' title='bbox 1714 1264 2033 1344; x_wconf 88' lang='lat' dir='ltr'><strong>doctrina,</strong></span> <span class='ocrx_word' id='word_1_63' title='bbox 2092 1265 2325 1331; x_wconf 86' lang='lat' dir='ltr'><strong>deinde</strong></span> <span class='ocrx_word' id='word_1_64' title='bbox 2372 1286 2518 1330; x_wconf 86' lang='lat' dir='ltr'><strong>uum</strong></span> <span class='ocrx_word' id='word_1_65' title='bbox 2562 1266 2752 1331; x_wconf 89' lang='lat' dir='ltr'><strong>iidem</strong></span> 
     </span>
     <span class='ocr_line' id='line_1_10' title="bbox 550 1365 2755 1455; baseline 0 -23"><span class='ocrx_word' id='word_1_66' title='bbox 550 1366 696 1432; x_wconf 84' lang='lat' dir='ltr'><strong>libri</strong></span> <span class='ocrx_word' id='word_1_67' title='bbox 746 1365 1059 1433; x_wconf 87' lang='lat' dir='ltr'><strong>elaborati</strong></span> <span class='ocrx_word' id='word_1_68' title='bbox 1103 1373 1231 1434; x_wconf 89' lang='lat' dir='ltr'><strong>sint</strong></span> <span class='ocrx_word' id='word_1_69' title='bbox 1271 1381 1336 1434; x_wconf 90' lang='lat' dir='ltr'><strong>et</strong></span> <span class='ocrx_word' id='word_1_70' title='bbox 1377 1391 1513 1433; x_wconf 87' lang='lat' dir='ltr'><strong>eam</strong></span> <span class='ocrx_word' id='word_1_71' title='bbox 1548 1372 1617 1434; x_wconf 90' lang='lat' dir='ltr'><strong>in</strong></span> <span class='ocrx_word' id='word_1_72' title='bbox 1651 1369 1915 1434; x_wconf 76' lang='lat' dir='ltr'><strong>formam</strong></span> <span class='ocrx_word' id='word_1_73' title='bbox 1949 1369 2206 1448; x_wconf 88' lang='lat' dir='ltr'><strong>redacti,</strong></span> <span class='ocrx_word' id='word_1_74' title='bbox 2251 1391 2372 1455; x_wconf 90' lang='lat' dir='ltr'><strong>qua</strong></span> <span class='ocrx_word' id='word_1_75' title='bbox 2411 1389 2525 1434; x_wconf 88' lang='lat' dir='ltr'><strong>eos</strong></span> <span class='ocrx_word' id='word_1_76' title='bbox 2563 1368 2755 1434; x_wconf 89' lang='lat' dir='ltr'><strong>edere</strong></span> 
     </span>
     <span class='ocr_line' id='line_1_11' title="bbox 553 1472 2751 1550; baseline 0.001 -15"><span class='ocrx_word' id='word_1_77' title='bbox 553 1475 995 1550; x_wconf 89' lang='lat' dir='ltr'><strong>constituerat,</strong></span> <span class='ocrx_word' id='word_1_78' title='bbox 1041 1493 1122 1536; x_wconf 87' lang='lat' dir='ltr'><strong>an</strong></span> <span class='ocrx_word' id='word_1_79' title='bbox 1169 1472 1522 1540; x_wconf 87' lang='lat' dir='ltr'><strong>adumbrati</strong></span> <span class='ocrx_word' id='word_1_80' title='bbox 1568 1483 1807 1538; x_wconf 88' lang='lat' dir='ltr'><strong>tantum</strong></span> <span class='ocrx_word' id='word_1_81' title='bbox 1853 1485 1924 1538; x_wconf 88' lang='lat' dir='ltr'><strong>ut</strong></span> <span class='ocrx_word' id='word_1_82' title='bbox 1969 1494 2082 1539; x_wconf 89' lang='lat' dir='ltr'><strong>eos</strong></span> <span class='ocrx_word' id='word_1_83' title='bbox 2125 1484 2495 1539; x_wconf 80' lang='lat' dir='ltr'><strong>retractaret</strong></span> <span class='ocrx_word' id='word_1_84' title='bbox 2539 1485 2605 1540; x_wconf 90' lang='lat' dir='ltr'><strong>et</strong></span> <span class='ocrx_word' id='word_1_85' title='bbox 2648 1494 2751 1538; x_wconf 89' lang='lat' dir='ltr'><strong>co-</strong></span> 
     </span>
     <span class='ocr_line' id='line_1_12' title="bbox 551 1575 1784 1661; baseline 0.002 -23"><span class='ocrx_word' id='word_1_86' title='bbox 551 1578 794 1661; x_wconf 84' lang='lat' dir='ltr'><strong>piosius</strong></span> <span class='ocrx_word' id='word_1_87' title='bbox 839 1575 1087 1644; x_wconf 87' lang='lat' dir='ltr'><strong>demum</strong></span> <span class='ocrx_word' id='word_1_88' title='bbox 1135 1575 1497 1641; x_wconf 87' lang='lat' dir='ltr'><strong>elaboratos</strong></span> <span class='ocrx_word' id='word_1_89' title='bbox 1543 1576 1784 1661; x_wconf 83' lang='lat' dir='ltr'><strong>ederet.</strong></span> 
     </span>
    </p>

    <p class='ocr_par' dir='ltr' id='par_1_6' title="bbox 459 1677 2760 4564">
     <span class='ocr_line' id='line_1_13' title="bbox 685 1677 2754 1767; baseline 0 -23"><span class='ocrx_word' id='word_1_90' title='bbox 685 1680 771 1748; x_wconf 84' lang='lat' dir='ltr'><strong>Et</strong></span> <span class='ocrx_word' id='word_1_91' title='bbox 823 1679 1167 1765; x_wconf 81' lang='lat' dir='ltr'><strong>perfectam</strong></span> <span class='ocrx_word' id='word_1_92' title='bbox 1226 1680 1479 1766; x_wconf 84' lang='lat' dir='ltr'><strong>quidem</strong></span> <span class='ocrx_word' id='word_1_93' title='bbox 1538 1680 2018 1767; x_wconf 79' lang='lat' dir='ltr'><strong>absolutamque</strong></span> <span class='ocrx_word' id='word_1_94' title='bbox 2063 1702 2198 1746; x_wconf 88' lang='lat' dir='ltr'><strong>non</strong></span> <span class='ocrx_word' id='word_1_95' title='bbox 2244 1702 2385 1745; x_wconf 90' lang='lat' dir='ltr'><strong>esse</strong></span> <span class='ocrx_word' id='word_1_96' title='bbox 2430 1680 2527 1745; x_wconf 89' lang='lat' dir='ltr'><strong>his</strong></span> <span class='ocrx_word' id='word_1_97' title='bbox 2575 1677 2754 1745; x_wconf 89' lang='lat' dir='ltr'><strong>libris</strong></span> 
     </span>
     <span class='ocr_line' id='line_1_14' title="bbox 553 1782 2752 1872; baseline 0.001 -28"><span class='ocrx_word' id='word_1_98' title='bbox 553 1784 790 1868; x_wconf 82' lang='lat' dir='ltr'><strong>primae</strong></span> <span class='ocrx_word' id='word_1_99' title='bbox 835 1782 1285 1869; x_wconf 80' lang='lat' dir='ltr'><strong>philosophiae</strong></span> <span class='ocrx_word' id='word_1_100' title='bbox 1330 1783 1756 1872; x_wconf 78' lang='lat' dir='ltr'><strong>disciplinam,</strong></span> <span class='ocrx_word' id='word_1_101' title='bbox 1812 1783 1918 1849; x_wconf 82' lang='lat' dir='ltr'><strong>vel</strong></span> <span class='ocrx_word' id='word_1_102' title='bbox 1970 1807 2043 1849; x_wconf 88' lang='lat' dir='ltr'><strong>ex</strong></span> <span class='ocrx_word' id='word_1_103' title='bbox 2089 1788 2165 1850; x_wconf 84' lang='lat' dir='ltr'><strong>iis</strong></span> <span class='ocrx_word' id='word_1_104' title='bbox 2212 1807 2374 1871; x_wconf 88' lang='lat' dir='ltr'><strong>quae</strong></span> <span class='ocrx_word' id='word_1_105' title='bbox 2418 1806 2608 1870; x_wconf 87' lang='lat' dir='ltr'><strong>supra</strong></span> <span class='ocrx_word' id='word_1_106' title='bbox 2653 1805 2752 1848; x_wconf 81' lang='lat' dir='ltr'><strong>ex-</strong></span> 
     </span>
     <span class='ocr_line' id='line_1_15' title="bbox 551 1886 2754 1980; baseline 0 -29"><span class='ocrx_word' id='word_1_107' title='bbox 551 1889 760 1973; x_wconf 85' lang='lat' dir='ltr'><strong>posita</strong></span> <span class='ocrx_word' id='word_1_108' title='bbox 806 1898 955 1980; x_wconf 85' lang='lat' dir='ltr'><strong>sunt</strong></span> <span class='ocrx_word' id='word_1_109' title='bbox 997 1886 1389 1974; x_wconf 81' lang='lat' dir='ltr'><strong>intelligitur.</strong></span> <span class='ocrx_word' id='word_1_110' title='bbox 1470 1890 1692 1954; x_wconf 89' lang='lat' dir='ltr'><strong>Partes</strong></span> <span class='ocrx_word' id='word_1_111' title='bbox 1739 1891 1906 1953; x_wconf 88' lang='lat' dir='ltr'><strong>enim</strong></span> <span class='ocrx_word' id='word_1_112' title='bbox 1952 1887 2252 1954; x_wconf 89' lang='lat' dir='ltr'><strong>habemus</strong></span> <span class='ocrx_word' id='word_1_113' title='bbox 2299 1897 2573 1975; x_wconf 87' lang='lat' dir='ltr'><strong>quatuor</strong></span> <span class='ocrx_word' id='word_1_114' title='bbox 2614 1887 2754 1952; x_wconf 86' lang='lat' dir='ltr'><strong>AB</strong></span> 
     </span>
     <span class='ocr_line' id='line_1_16' title="bbox 550 1990 2754 2078; baseline 0 -24"><span class='ocrx_word' id='word_1_115' title='bbox 550 1990 619 2054; x_wconf 88' lang='grc' dir='ltr'><em>Γ</em></span> <span class='ocrx_word' id='word_1_116' title='bbox 610 1990 895 2068; x_wconf 79' lang='grc' dir='ltr'><em>ΕΖΗΘ,</em></span> <span class='ocrx_word' id='word_1_117' title='bbox 936 1991 996 2068; x_wconf 88' lang='grc' dir='ltr'><strong>Ι,</strong></span> <span class='ocrx_word' id='word_1_118' title='bbox 1038 1993 1204 2070; x_wconf 88' lang='lat' dir='ltr'><strong>MN,</strong></span> <span class='ocrx_word' id='word_1_119' title='bbox 1237 1994 1332 2070; x_wconf 83' lang='lat' dir='ltr'><strong>A,</strong></span> <span class='ocrx_word' id='word_1_120' title='bbox 1376 2014 1528 2078; x_wconf 89' lang='lat' dir='ltr'><strong>quas</strong></span> <span class='ocrx_word' id='word_1_121' title='bbox 1577 1991 1860 2058; x_wconf 88' lang='lat' dir='ltr'><strong>eiusdem</strong></span> <span class='ocrx_word' id='word_1_122' title='bbox 1908 2013 2048 2057; x_wconf 88' lang='lat' dir='ltr'><strong>esse</strong></span> <span class='ocrx_word' id='word_1_123' title='bbox 2091 1990 2461 2078; x_wconf 86' lang='lat' dir='ltr'><strong>disciplinae</strong></span> <span class='ocrx_word' id='word_1_124' title='bbox 2508 2013 2582 2057; x_wconf 84' lang='lat' dir='ltr'><strong>ex</strong></span> <span class='ocrx_word' id='word_1_125' title='bbox 2618 1996 2754 2077; x_wconf 90' lang='lat' dir='ltr'><strong>ipsa</strong></span> 
     </span>
     <span class='ocr_line' id='line_1_17' title="bbox 549 2094 2756 2183; baseline -0 -23"><span class='ocrx_word' id='word_1_126' title='bbox 549 2115 760 2162; x_wconf 82' lang='lat' dir='ltr'><strong>rerum</strong></span> <span class='ocrx_word' id='word_1_127' title='bbox 805 2105 1203 2160; x_wconf 87' lang='lat' dir='ltr'><strong>tractatarum</strong></span> <span class='ocrx_word' id='word_1_128' title='bbox 1249 2105 1471 2160; x_wconf 87' lang='lat' dir='ltr'><strong>natura</strong></span> <span class='ocrx_word' id='word_1_129' title='bbox 1522 2099 1880 2161; x_wconf 86' lang='lat' dir='ltr'><strong>necessario</strong></span> <span class='ocrx_word' id='word_1_130' title='bbox 1926 2094 2311 2183; x_wconf 80' lang='lat' dir='ltr'><strong>colligimus3</strong></span> <span class='ocrx_word' id='word_1_131' title='bbox 2357 2106 2425 2160; x_wconf 88' lang='lat' dir='ltr'><strong>et</strong></span> <span class='ocrx_word' id='word_1_132' title='bbox 2457 2106 2587 2160; x_wconf 86' lang='lat' dir='ltr'><strong>tres</strong></span> <span class='ocrx_word' id='word_1_133' title='bbox 2622 2097 2756 2181; x_wconf 72' lang='lat' dir='ltr'><strong>qui⁴</strong></span> 
     </span>
     <span class='ocr_line' id='line_1_18' title="bbox 552 2195 2754 2286; baseline 0.001 -25"><span class='ocrx_word' id='word_1_134' title='bbox 552 2195 694 2261; x_wconf 87' lang='lat' dir='ltr'><strong>dem</strong></span> <span class='ocrx_word' id='word_1_135' title='bbox 740 2201 989 2284; x_wconf 85' lang='lat' dir='ltr'><strong>priores</strong></span> <span class='ocrx_word' id='word_1_136' title='bbox 1035 2208 1248 2285; x_wconf 87' lang='lat' dir='ltr'><strong>partes</strong></span> <span class='ocrx_word' id='word_1_137' title='bbox 1292 2198 1578 2264; x_wconf 83' lang='lat' dir='ltr'><strong>voluisse</strong></span> <span class='ocrx_word' id='word_1_138' title='bbox 1629 2221 1698 2264; x_wconf 91' lang='lat' dir='ltr'><strong>se</strong></span> <span class='ocrx_word' id='word_1_139' title='bbox 1743 2203 1807 2266; x_wconf 87' lang='lat' dir='ltr'><strong>in</strong></span> <span class='ocrx_word' id='word_1_140' title='bbox 1864 2222 2055 2266; x_wconf 87' lang='lat' dir='ltr'><strong>unum</strong></span> <span class='ocrx_word' id='word_1_141' title='bbox 2100 2221 2338 2286; x_wconf 86' lang='lat' dir='ltr'><strong>corpus</strong></span> <span class='ocrx_word' id='word_1_142' title='bbox 2382 2204 2754 2265; x_wconf 85' lang='lat' dir='ltr'><strong>coniunctas</strong></span> 
     </span>
     <span class='ocr_line' id='line_1_19' title="bbox 554 2301 2752 2389; baseline 0.001 -24"><span class='ocrx_word' id='word_1_143' title='bbox 554 2321 711 2378; x_wconf 87' lang='lat' dir='ltr'><strong>esse,</strong></span> <span class='ocrx_word' id='word_1_144' title='bbox 756 2306 893 2387; x_wconf 88' lang='lat' dir='ltr'><strong>ipse</strong></span> <span class='ocrx_word' id='word_1_145' title='bbox 927 2301 1308 2369; x_wconf 85' lang='lat' dir='ltr'><strong>Aristoteles</strong></span> <span class='ocrx_word' id='word_1_146' title='bbox 1343 2302 1725 2389; x_wconf 81' lang='lat' dir='ltr'><strong>significavit</strong></span> <span class='ocrx_word' id='word_1_147' title='bbox 1759 2302 2030 2389; x_wconf 90' lang='lat' dir='ltr'><strong>quidem,</strong></span> <span class='ocrx_word' id='word_1_148' title='bbox 2074 2302 2189 2369; x_wconf 86' lang='lat' dir='ltr'><strong>sed</strong></span> <span class='ocrx_word' id='word_1_149' title='bbox 2230 2324 2362 2369; x_wconf 88' lang='lat' dir='ltr'><strong>non</strong></span> <span class='ocrx_word' id='word_1_150' title='bbox 2402 2307 2752 2379; x_wconf 85' lang='lat' dir='ltr'><strong>coniunxit;</strong></span> 
     </span>
     <span class='ocr_line' id='line_1_20' title="bbox 553 2406 2755 2495; baseline 0.002 -27"><span class='ocrx_word' id='word_1_151' title='bbox 553 2417 863 2490; x_wconf 76' lang='lat' dir='ltr'><strong>quartam,</strong></span> <span class='ocrx_word' id='word_1_152' title='bbox 908 2427 1094 2491; x_wconf 85' lang='lat' dir='ltr'><strong>quam</strong></span> <span class='ocrx_word' id='word_1_153' title='bbox 1143 2417 1421 2471; x_wconf 86' lang='lat' dir='ltr'><strong>extremo</strong></span> <span class='ocrx_word' id='word_1_154' title='bbox 1466 2409 1794 2492; x_wconf 80' lang='lat' dir='ltr'><strong>posuimus</strong></span> <span class='ocrx_word' id='word_1_155' title='bbox 1841 2406 2021 2486; x_wconf 90' lang='lat' dir='ltr'><strong>loco,</strong></span> <span class='ocrx_word' id='word_1_156' title='bbox 2065 2429 2149 2472; x_wconf 89' lang='lat' dir='ltr'><strong>ne</strong></span> <span class='ocrx_word' id='word_1_157' title='bbox 2193 2407 2579 2495; x_wconf 81' lang='lat' dir='ltr'><strong>significavit</strong></span> <span class='ocrx_word' id='word_1_158' title='bbox 2623 2411 2755 2493; x_wconf 86' lang='lat' dir='ltr'><strong>qui-</strong></span> 
     </span>
     <span class='ocr_line' id='line_1_21' title="bbox 552 2506 2755 2598; baseline 0.002 -26"><span class='ocrx_word' id='word_1_159' title='bbox 552 2506 695 2573; x_wconf 86' lang='lat' dir='ltr'><strong>dem</strong></span> <span class='ocrx_word' id='word_1_160' title='bbox 755 2531 895 2575; x_wconf 89' lang='lat' dir='ltr'><strong>cum</strong></span> <span class='ocrx_word' id='word_1_161' title='bbox 946 2508 1208 2597; x_wconf 80' lang='lat' dir='ltr'><strong>reliquis</strong></span> <span class='ocrx_word' id='word_1_162' title='bbox 1267 2532 1407 2575; x_wconf 87' lang='lat' dir='ltr'><strong>esse</strong></span> <span class='ocrx_word' id='word_1_163' title='bbox 1463 2510 1993 2598; x_wconf 82' lang='lat' dir='ltr'><strong>coniungendam.</strong></span> <span class='ocrx_word' id='word_1_164' title='bbox 2081 2509 2211 2576; x_wconf 90' lang='lat' dir='ltr'><strong>Sed</strong></span> <span class='ocrx_word' id='word_1_165' title='bbox 2271 2514 2510 2576; x_wconf 87' lang='lat' dir='ltr'><strong>etiamsi</strong></span> <span class='ocrx_word' id='word_1_166' title='bbox 2555 2531 2755 2598; x_wconf 86' lang='lat' dir='ltr'><strong>pona-</strong></span> 
     </span>
     <span class='ocr_line' id='line_1_22' title="bbox 551 2612 2755 2701; baseline 0.001 -23"><span class='ocrx_word' id='word_1_167' title='bbox 551 2634 688 2683; x_wconf 82' lang='lat' dir='ltr'><strong>mus</strong></span> <span class='ocrx_word' id='word_1_168' title='bbox 726 2614 1076 2700; x_wconf 77' lang='lat' dir='ltr'><strong>perfectum</strong></span> <span class='ocrx_word' id='word_1_169' title='bbox 1117 2636 1274 2692; x_wconf 85' lang='lat' dir='ltr'><strong>esse,</strong></span> <span class='ocrx_word' id='word_1_170' title='bbox 1318 2635 1698 2701; x_wconf 88' lang='lat' dir='ltr'><strong>quocunque</strong></span> <span class='ocrx_word' id='word_1_171' title='bbox 1730 2612 1798 2680; x_wconf 90' lang='lat' dir='ltr'><strong>id</strong></span> <span class='ocrx_word' id='word_1_172' title='bbox 1834 2613 1974 2680; x_wconf 85' lang='lat' dir='ltr'><strong>fieri</strong></span> <span class='ocrx_word' id='word_1_173' title='bbox 2011 2619 2294 2701; x_wconf 91' lang='lat' dir='ltr'><strong>potuerit</strong></span> <span class='ocrx_word' id='word_1_174' title='bbox 2328 2614 2541 2694; x_wconf 89' lang='lat' dir='ltr'><strong>modo,</strong></span> <span class='ocrx_word' id='word_1_175' title='bbox 2585 2616 2755 2681; x_wconf 89' lang='lat' dir='ltr'><strong>hunc</strong></span> 
     </span>
     <span class='ocr_line' id='line_1_23' title="bbox 555 2717 2754 2801; baseline 0.002 -22"><span class='ocrx_word' id='word_1_176' title='bbox 555 2739 738 2801; x_wconf 90' lang='lat' dir='ltr'><strong>quem</strong></span> <span class='ocrx_word' id='word_1_177' title='bbox 788 2717 1218 2783; x_wconf 87' lang='lat' dir='ltr'><strong>desideramus</strong></span> <span class='ocrx_word' id='word_1_178' title='bbox 1251 2718 1555 2785; x_wconf 88' lang='lat' dir='ltr'><strong>librorum</strong></span> <span class='ocrx_word' id='word_1_179' title='bbox 1593 2729 1969 2799; x_wconf 88' lang='lat' dir='ltr'><strong>contextum,</strong></span> <span class='ocrx_word' id='word_1_180' title='bbox 2012 2722 2287 2784; x_wconf 85' lang='lat' dir='ltr'><strong>insertos</strong></span> <span class='ocrx_word' id='word_1_181' title='bbox 2320 2723 2449 2784; x_wconf 85' lang='lat' dir='ltr'><strong>suis</strong></span> <span class='ocrx_word' id='word_1_182' title='bbox 2486 2718 2646 2784; x_wconf 86' lang='lat' dir='ltr'><strong>locis</strong></span> <span class='ocrx_word' id='word_1_183' title='bbox 2682 2719 2754 2784; x_wconf 89' lang='lat' dir='ltr'><strong>li-</strong></span> 
     </span>
     <span class='ocr_line' id='line_1_24' title="bbox 552 2819 2754 2911; baseline 0.002 -26"><span class='ocrx_word' id='word_1_184' title='bbox 552 2819 733 2887; x_wconf 87' lang='lat' dir='ltr'><strong>brum</strong></span> <span class='ocrx_word' id='word_1_185' title='bbox 762 2821 813 2885; x_wconf 92' lang='grc' dir='ltr'><em>Ι</em></span> <span class='ocrx_word' id='word_1_186' title='bbox 853 2830 918 2885; x_wconf 91' lang='lat' dir='ltr'><strong>et</strong></span> <span class='ocrx_word' id='word_1_187' title='bbox 958 2820 1160 2889; x_wconf 87' lang='lat' dir='ltr'><strong>libros</strong></span> <span class='ocrx_word' id='word_1_188' title='bbox 1193 2823 1280 2887; x_wconf 92' lang='lat' dir='ltr'><strong><em>M</em></strong></span> <span class='ocrx_word' id='word_1_189' title='bbox 1318 2833 1382 2887; x_wconf 89' lang='lat' dir='ltr'><strong>et</strong></span> <span class='ocrx_word' id='word_1_190' title='bbox 1413 2826 1497 2901; x_wconf 88' lang='lat' dir='ltr'><strong>N,</strong></span> <span class='ocrx_word' id='word_1_191' title='bbox 1542 2823 2045 2911; x_wconf 85' lang='lat' dir='ltr'><strong>conglutinatum</strong></span> <span class='ocrx_word' id='word_1_192' title='bbox 2091 2845 2229 2887; x_wconf 91' lang='lat' dir='ltr'><strong>cum</strong></span> <span class='ocrx_word' id='word_1_193' title='bbox 2268 2823 2366 2887; x_wconf 86' lang='lat' dir='ltr'><strong>his</strong></span> <span class='ocrx_word' id='word_1_194' title='bbox 2402 2822 2631 2889; x_wconf 90' lang='lat' dir='ltr'><strong>librum</strong></span> <span class='ocrx_word' id='word_1_195' title='bbox 2660 2825 2754 2902; x_wconf 82' lang='lat' dir='ltr'><strong>A,</strong></span> 
     </span>
     <span class='ocr_line' id='line_1_25' title="bbox 552 2924 2754 3015; baseline 0.001 -26"><span class='ocrx_word' id='word_1_196' title='bbox 552 2945 637 2989; x_wconf 88' lang='lat' dir='ltr'><strong>ne</strong></span> <span class='ocrx_word' id='word_1_197' title='bbox 697 2927 790 2989; x_wconf 86' lang='lat' dir='ltr'><strong>sic</strong></span> <span class='ocrx_word' id='word_1_198' title='bbox 844 2925 1096 3011; x_wconf 89' lang='lat' dir='ltr'><strong>quidem</strong></span> <span class='ocrx_word' id='word_1_199' title='bbox 1155 2924 1445 2991; x_wconf 89' lang='lat' dir='ltr'><strong>absoluta</strong></span> <span class='ocrx_word' id='word_1_200' title='bbox 1498 2925 1701 2991; x_wconf 85' lang='lat' dir='ltr'><strong>videri</strong></span> <span class='ocrx_word' id='word_1_201' title='bbox 1746 2929 1983 3012; x_wconf 87' lang='lat' dir='ltr'><strong>poterit</strong></span> <span class='ocrx_word' id='word_1_202' title='bbox 2026 2929 2264 3012; x_wconf 90' lang='lat' dir='ltr'><strong>primae</strong></span> <span class='ocrx_word' id='word_1_203' title='bbox 2307 2926 2754 3015; x_wconf 88' lang='lat' dir='ltr'><strong>philosophiae</strong></span> 
     </span>
     <span class='ocr_line' id='line_1_26' title="bbox 555 3026 2753 3118; baseline 0.002 -26"><span class='ocrx_word' id='word_1_204' title='bbox 555 3026 877 3103; x_wconf 61' lang='lat' dir='ltr'><strong>doctrinm</strong></span> <span class='ocrx_word' id='word_1_205' title='bbox 924 3027 1454 3095; x_wconf 70' lang='lat' dir='ltr'><strong>desiderabantur</strong></span> <span class='ocrx_word' id='word_1_206' title='bbox 1498 3033 1660 3094; x_wconf 89' lang='lat' dir='ltr'><strong>enim</strong></span> <span class='ocrx_word' id='word_1_207' title='bbox 1704 3032 2017 3095; x_wconf 78' lang='lat' dir='ltr'><strong>etiamtum</strong></span> <span class='ocrx_word' id='word_1_208' title='bbox 2058 3028 2502 3115; x_wconf 86' lang='lat' dir='ltr'><strong>disputationis</strong></span> <span class='ocrx_word' id='word_1_209' title='bbox 2538 3043 2753 3118; x_wconf 83' lang='lat' dir='ltr'><strong>partes</strong></span> 
     </span>
     <span class='ocr_line' id='line_1_27' title="bbox 553 3131 2752 3220; baseline 0.001 -24"><span class='ocrx_word' id='word_1_210' title='bbox 553 3151 762 3217; x_wconf 86' lang='lat' dir='ltr'><strong>neque</strong></span> <span class='ocrx_word' id='word_1_211' title='bbox 808 3134 1074 3220; x_wconf 79' lang='lat' dir='ltr'><strong>exiguae</strong></span> <span class='ocrx_word' id='word_1_212' title='bbox 1117 3155 1326 3219; x_wconf 88' lang='lat' dir='ltr'><strong>neque</strong></span> <span class='ocrx_word' id='word_1_213' title='bbox 1371 3131 1567 3197; x_wconf 81' lang='lat' dir='ltr'><strong>leves.</strong></span> <span class='ocrx_word' id='word_1_214' title='bbox 1638 3134 1948 3218; x_wconf 82' lang='lat' dir='ltr'><strong>Exposuit</strong></span> <span class='ocrx_word' id='word_1_215' title='bbox 1979 3132 2355 3198; x_wconf 86' lang='lat' dir='ltr'><strong>Aristoteles</strong></span> <span class='ocrx_word' id='word_1_216' title='bbox 2393 3132 2474 3201; x_wconf 88' lang='lat' dir='ltr'><strong>de</strong></span> <span class='ocrx_word' id='word_1_217' title='bbox 2509 3157 2752 3200; x_wconf 87' lang='lat' dir='ltr'><strong>summo</strong></span> 
     </span>
     <span class='ocr_line' id='line_1_28' title="bbox 553 3234 2752 3324; baseline 0.002 -25"><span class='ocrx_word' id='word_1_218' title='bbox 553 3244 763 3300; x_wconf 87' lang='lat' dir='ltr'><strong>motus</strong></span> <span class='ocrx_word' id='word_1_219' title='bbox 820 3238 1139 3322; x_wconf 88' lang='lat' dir='ltr'><strong>principio</strong></span> <span class='ocrx_word' id='word_1_220' title='bbox 1196 3234 1537 3311; x_wconf 82' lang='lat' dir='ltr'><strong>immobili3</strong></span> <span class='ocrx_word' id='word_1_221' title='bbox 1596 3235 1711 3301; x_wconf 88' lang='lat' dir='ltr'><strong>sed</strong></span> <span class='ocrx_word' id='word_1_222' title='bbox 1771 3247 1845 3301; x_wconf 91' lang='lat' dir='ltr'><strong>ut</strong></span> <span class='ocrx_word' id='word_1_223' title='bbox 1896 3234 2083 3323; x_wconf 86' lang='lat' dir='ltr'><strong>plana</strong></span> <span class='ocrx_word' id='word_1_224' title='bbox 2137 3239 2264 3301; x_wconf 87' lang='lat' dir='ltr'><strong>sint</strong></span> <span class='ocrx_word' id='word_1_225' title='bbox 2308 3249 2374 3302; x_wconf 90' lang='lat' dir='ltr'><strong>et</strong></span> <span class='ocrx_word' id='word_1_226' title='bbox 2416 3241 2752 3324; x_wconf 89' lang='lat' dir='ltr'><strong>perspicua</strong></span> 
     </span>
     <span class='ocr_line' id='line_1_29' title="bbox 556 3338 2753 3428; baseline 0.003 -26"><span class='ocrx_word' id='word_1_227' title='bbox 556 3341 783 3417; x_wconf 81' lang='lat' dir='ltr'><strong>onmia,</strong></span> <span class='ocrx_word' id='word_1_228' title='bbox 828 3361 989 3425; x_wconf 83' lang='lat' dir='ltr'><strong>quae</strong></span> <span class='ocrx_word' id='word_1_229' title='bbox 1036 3339 1119 3405; x_wconf 90' lang='lat' dir='ltr'><strong>de</strong></span> <span class='ocrx_word' id='word_1_230' title='bbox 1167 3362 1241 3405; x_wconf 90' lang='lat' dir='ltr'><strong>ea</strong></span> <span class='ocrx_word' id='word_1_231' title='bbox 1288 3362 1359 3405; x_wconf 89' lang='lat' dir='ltr'><strong>re</strong></span> <span class='ocrx_word' id='word_1_232' title='bbox 1392 3338 1701 3419; x_wconf 87' lang='lat' dir='ltr'><strong>disseruit,</strong></span> <span class='ocrx_word' id='word_1_233' title='bbox 1746 3362 1868 3426; x_wconf 87' lang='lat' dir='ltr'><strong>qua</strong></span> <span class='ocrx_word' id='word_1_234' title='bbox 1904 3339 2158 3405; x_wconf 87' lang='lat' dir='ltr'><strong>tandem</strong></span> <span class='ocrx_word' id='word_1_235' title='bbox 2193 3344 2443 3407; x_wconf 88' lang='lat' dir='ltr'><strong>ratione</strong></span> <span class='ocrx_word' id='word_1_236' title='bbox 2480 3364 2516 3405; x_wconf 93' lang='lat' dir='ltr'><strong>a</strong></span> <span class='ocrx_word' id='word_1_237' title='bbox 2548 3345 2753 3428; x_wconf 87' lang='lat' dir='ltr'><strong>primo</strong></span> 
     </span>
     <span class='ocr_line' id='line_1_30' title="bbox 459 3441 2757 3535; baseline 0.002 -29"><span class='ocrx_word' id='word_1_238' title='bbox 459 3471 466 3479; x_wconf 92' lang='lat'><strong>·</strong></span> <span class='ocrx_word' id='word_1_239' title='bbox 554 3441 672 3507; x_wconf 92' lang='lat' dir='ltr'><strong>illo</strong></span> <span class='ocrx_word' id='word_1_240' title='bbox 719 3455 968 3508; x_wconf 88' lang='lat' dir='ltr'><strong>motore</strong></span> <span class='ocrx_word' id='word_1_241' title='bbox 1015 3442 1437 3509; x_wconf 84' lang='lat' dir='ltr'><strong>descendatur</strong></span> <span class='ocrx_word' id='word_1_242' title='bbox 1494 3443 1575 3511; x_wconf 88' lang='lat' dir='ltr'><strong>ad</strong></span> <span class='ocrx_word' id='word_1_243' title='bbox 1634 3466 1850 3510; x_wconf 87' lang='lat' dir='ltr'><strong>causas</strong></span> <span class='ocrx_word' id='word_1_244' title='bbox 1907 3454 2265 3523; x_wconf 83' lang='lat' dir='ltr'><strong>moventes,</strong></span> <span class='ocrx_word' id='word_1_245' title='bbox 2323 3467 2486 3532; x_wconf 89' lang='lat' dir='ltr'><strong>quae</strong></span> <span class='ocrx_word' id='word_1_246' title='bbox 2542 3451 2757 3535; x_wconf 81' lang='lat' dir='ltr'><strong>singu-</strong></span> 
     </span>
     <span class='ocr_line' id='line_1_31' title="bbox 555 3545 2754 3637; baseline 0.003 -28"><span class='ocrx_word' id='word_1_247' title='bbox 555 3545 634 3611; x_wconf 88' lang='lat' dir='ltr'><strong>lis</strong></span> <span class='ocrx_word' id='word_1_248' title='bbox 683 3548 748 3610; x_wconf 93' lang='lat' dir='ltr'><strong>in</strong></span> <span class='ocrx_word' id='word_1_249' title='bbox 791 3548 981 3615; x_wconf 88' lang='lat' dir='ltr'><strong>rebus</strong></span> <span class='ocrx_word' id='word_1_250' title='bbox 1018 3559 1374 3625; x_wconf 85' lang='lat' dir='ltr'><strong>cernuntur,</strong></span> <span class='ocrx_word' id='word_1_251' title='bbox 1420 3569 1496 3611; x_wconf 93' lang='lat' dir='ltr'><strong>ac</strong></span> <span class='ocrx_word' id='word_1_252' title='bbox 1541 3553 1881 3636; x_wconf 85' lang='lat' dir='ltr'><strong>praecipue</strong></span> <span class='ocrx_word' id='word_1_253' title='bbox 1929 3548 2008 3611; x_wconf 91' lang='lat' dir='ltr'><strong>ad</strong></span> <span class='ocrx_word' id='word_1_254' title='bbox 2056 3547 2122 3612; x_wconf 88' lang='lat' dir='ltr'><strong>id</strong></span> <span class='ocrx_word' id='word_1_255' title='bbox 2172 3560 2380 3614; x_wconf 79' lang='lat' dir='ltr'><strong>motus</strong></span> <span class='ocrx_word' id='word_1_256' title='bbox 2419 3572 2642 3637; x_wconf 79' lang='lat' dir='ltr'><strong>genus,</strong></span> <span class='ocrx_word' id='word_1_257' title='bbox 2685 3553 2754 3616; x_wconf 90' lang='lat' dir='ltr'><strong>in</strong></span> 
     </span>
     <span class='ocr_line' id='line_1_32' title="bbox 555 3639 2756 3742; baseline 0.002 -27"><span class='ocrx_word' id='word_1_258' title='bbox 555 3671 685 3736; x_wconf 89' lang='lat' dir='ltr'><strong>quo</strong></span> <span class='ocrx_word' id='word_1_259' title='bbox 746 3650 941 3717; x_wconf 87' lang='lat' dir='ltr'><strong>cardo</strong></span> <span class='ocrx_word' id='word_1_260' title='bbox 999 3655 1268 3717; x_wconf 82' lang='lat' dir='ltr'><strong>vertitur</strong></span> <span class='ocrx_word' id='word_1_261' title='bbox 1318 3655 1512 3718; x_wconf 88' lang='lat' dir='ltr'><strong>totius</strong></span> <span class='ocrx_word' id='word_1_262' title='bbox 1560 3651 1886 3717; x_wconf 87' lang='lat' dir='ltr'><strong>doctrinae</strong></span> <span class='ocrx_word' id='word_1_263' title='bbox 1931 3652 2402 3731; x_wconf 81' lang='lat' dir='ltr'><strong>Aristotelicas,</strong></span> <span class='ocrx_word' id='word_1_264' title='bbox 2459 3675 2586 3740; x_wconf 88' lang='lat' dir='ltr'><strong>quo</strong></span> <span class='ocrx_word' id='word_1_265' title='bbox 2643 3639 2756 3742; x_wconf 85' lang='lat' dir='ltr'><strong>po·</strong></span> 
     </span>
     <span class='ocr_line' id='line_1_33' title="bbox 557 3753 2754 3843; baseline 0.004 -26"><span class='ocrx_word' id='word_1_266' title='bbox 557 3756 751 3821; x_wconf 84' lang='lat' dir='ltr'><strong>tentia</strong></span> <span class='ocrx_word' id='word_1_267' title='bbox 812 3754 893 3818; x_wconf 90' lang='lat' dir='ltr'><strong>ad</strong></span> <span class='ocrx_word' id='word_1_268' title='bbox 948 3765 1155 3818; x_wconf 89' lang='lat' dir='ltr'><strong>actum</strong></span> <span class='ocrx_word' id='word_1_269' title='bbox 1215 3753 1645 3820; x_wconf 82' lang='lat' dir='ltr'><strong>transducitur</strong></span> <span class='ocrx_word' id='word_1_270' title='bbox 1687 3778 1763 3820; x_wconf 86' lang='lat' dir='ltr'><strong>ae</strong></span> <span class='ocrx_word' id='word_1_271' title='bbox 1806 3755 2158 3843; x_wconf 86' lang='lat' dir='ltr'><strong>perficitur,</strong></span> <span class='ocrx_word' id='word_1_272' title='bbox 2217 3755 2324 3821; x_wconf 82' lang='lat' dir='ltr'><strong>vel</strong></span> <span class='ocrx_word' id='word_1_273' title='bbox 2369 3756 2568 3821; x_wconf 81' lang='lat' dir='ltr'><strong>forma</strong></span> <span class='ocrx_word' id='word_1_274' title='bbox 2615 3776 2754 3827; x_wconf 77' lang='lat' dir='ltr'><strong>cum</strong></span> 
     </span>
     <span class='ocr_line' id='line_1_34' title="bbox 554 3856 2754 3948; baseline 0.002 -25"><span class='ocrx_word' id='word_1_275' title='bbox 554 3860 815 3923; x_wconf 88' lang='lat' dir='ltr'><strong>materia</strong></span> <span class='ocrx_word' id='word_1_276' title='bbox 860 3856 1177 3937; x_wconf 84' lang='lat' dir='ltr'><strong>coalescit,</strong></span> <span class='ocrx_word' id='word_1_277' title='bbox 1224 3858 1452 3924; x_wconf 85' lang='lat' dir='ltr'><strong>frustra</strong></span> <span class='ocrx_word' id='word_1_278' title='bbox 1496 3858 1602 3923; x_wconf 76' lang='lat' dir='ltr'><strong>vel</strong></span> <span class='ocrx_word' id='word_1_279' title='bbox 1647 3859 1965 3925; x_wconf 85' lang='lat' dir='ltr'><strong>levissimo</strong></span> <span class='ocrx_word' id='word_1_280' title='bbox 2010 3861 2284 3947; x_wconf 78' lang='lat' dir='ltr'><strong>vestigio</strong></span> <span class='ocrx_word' id='word_1_281' title='bbox 2331 3860 2754 3948; x_wconf 82' lang='lat' dir='ltr'><strong>significatum</strong></span> 
     </span>
     <span class='ocr_line' id='line_1_35' title="bbox 556 3960 2755 4047; baseline 0.002 -20"><span class='ocrx_word' id='word_1_282' title='bbox 556 3982 839 4047; x_wconf 86' lang='lat' dir='ltr'><strong>quaeras.</strong></span> <span class='ocrx_word' id='word_1_283' title='bbox 906 3961 1146 4027; x_wconf 86' lang='lat' dir='ltr'><strong>Mentis</strong></span> <span class='ocrx_word' id='word_1_284' title='bbox 1192 3960 1443 4028; x_wconf 84' lang='lat' dir='ltr'><strong>divinae</strong></span> <span class='ocrx_word' id='word_1_285' title='bbox 1488 3975 1771 4029; x_wconf 86' lang='lat' dir='ltr'><strong>naturam</strong></span> <span class='ocrx_word' id='word_1_286' title='bbox 1810 3963 2130 4029; x_wconf 84' lang='lat' dir='ltr'><strong>luculente</strong></span> <span class='ocrx_word' id='word_1_287' title='bbox 2167 3975 2232 4028; x_wconf 93' lang='lat' dir='ltr'><strong>et</strong></span> <span class='ocrx_word' id='word_1_288' title='bbox 2265 3963 2620 4030; x_wconf 87' lang='lat' dir='ltr'><strong>sublimiter</strong></span> <span class='ocrx_word' id='word_1_289' title='bbox 2656 3988 2755 4031; x_wconf 85' lang='lat' dir='ltr'><strong>ex-</strong></span> 
     </span>
     <span class='ocr_line' id='line_1_36' title="bbox 554 4064 2758 4154; baseline 0.003 -25"><span class='ocrx_word' id='word_1_290' title='bbox 554 4064 803 4152; x_wconf 79' lang='lat' dir='ltr'><strong>plicuit3</strong></span> <span class='ocrx_word' id='word_1_291' title='bbox 852 4087 992 4131; x_wconf 87' lang='lat' dir='ltr'><strong>esse</strong></span> <span class='ocrx_word' id='word_1_292' title='bbox 1036 4064 1204 4130; x_wconf 89' lang='lat' dir='ltr'><strong>illam</strong></span> <span class='ocrx_word' id='word_1_293' title='bbox 1248 4088 1546 4132; x_wconf 87' lang='lat' dir='ltr'><strong>summam</strong></span> <span class='ocrx_word' id='word_1_294' title='bbox 1587 4070 1915 4151; x_wconf 76' lang='grc' dir='ltr'><strong><em>ἐνέργειαν</em></strong></span> <span class='ocrx_word' id='word_1_295' title='bbox 1953 4067 2034 4132; x_wconf 91' lang='lat' dir='ltr'><strong>ab</strong></span> <span class='ocrx_word' id='word_1_296' title='bbox 2074 4071 2245 4133; x_wconf 90' lang='lat' dir='ltr'><strong>omni</strong></span> <span class='ocrx_word' id='word_1_297' title='bbox 2285 4072 2613 4154; x_wconf 82' lang='lat' dir='ltr'><strong>potentiae</strong></span> <span class='ocrx_word' id='word_1_298' title='bbox 2649 4069 2758 4135; x_wconf 85' lang='lat' dir='ltr'><strong>ad-</strong></span> 
     </span>
     <span class='ocr_line' id='line_1_37' title="bbox 555 4163 2755 4252; baseline 0.001 -17"><span class='ocrx_word' id='word_1_299' title='bbox 555 4172 851 4237; x_wconf 88' lang='lat' dir='ltr'><strong>mistione</strong></span> <span class='ocrx_word' id='word_1_300' title='bbox 892 4173 1243 4249; x_wconf 81' lang='lat' dir='ltr'><strong>immunem,</strong></span> <span class='ocrx_word' id='word_1_301' title='bbox 1288 4193 1592 4239; x_wconf 86' lang='lat' dir='ltr'><strong>summum</strong></span> <span class='ocrx_word' id='word_1_302' title='bbox 1638 4174 1702 4236; x_wconf 83' lang='grc' dir='ltr'><strong>τί</strong></span> <span class='ocrx_word' id='word_1_303' title='bbox 1746 4163 1831 4252; x_wconf 81' lang='grc' dir='ltr'><strong>ἦν</strong></span> <span class='ocrx_word' id='word_1_304' title='bbox 1876 4169 2042 4237; x_wconf 80' lang='grc' dir='ltr'><strong><em>εἶναι</em></strong></span> <span class='ocrx_word' id='word_1_305' title='bbox 2089 4195 2124 4237; x_wconf 92' lang='lat' dir='ltr'><strong>a</strong></span> <span class='ocrx_word' id='word_1_306' title='bbox 2167 4171 2451 4237; x_wconf 85' lang='lat' dir='ltr'><strong>sensibili</strong></span> <span class='ocrx_word' id='word_1_307' title='bbox 2496 4178 2755 4238; x_wconf 86' lang='lat' dir='ltr'><strong>materia</strong></span> 
     </span>
     <span class='ocr_line' id='line_1_38' title="bbox 555 4271 2758 4364; baseline 0.002 -28"><span class='ocrx_word' id='word_1_308' title='bbox 555 4274 900 4360; x_wconf 78' lang='lat' dir='ltr'><strong>integrum3</strong></span> <span class='ocrx_word' id='word_1_309' title='bbox 956 4274 1069 4341; x_wconf 88' lang='lat' dir='ltr'><strong>sed</strong></span> <span class='ocrx_word' id='word_1_310' title='bbox 1116 4298 1277 4362; x_wconf 91' lang='lat' dir='ltr'><strong>quae</strong></span> <span class='ocrx_word' id='word_1_311' title='bbox 1320 4279 1485 4341; x_wconf 86' lang='lat' dir='ltr'><strong>inter</strong></span> <span class='ocrx_word' id='word_1_312' title='bbox 1530 4276 1695 4340; x_wconf 89' lang='lat' dir='ltr'><strong>hanc</strong></span> <span class='ocrx_word' id='word_1_313' title='bbox 1738 4280 2063 4359; x_wconf 75' lang='grc' dir='ltr'><strong><em>ἐνέργειαν</em></strong></span> <span class='ocrx_word' id='word_1_314' title='bbox 2110 4287 2175 4341; x_wconf 90' lang='lat' dir='ltr'><strong>et</strong></span> <span class='ocrx_word' id='word_1_315' title='bbox 2216 4271 2498 4364; x_wconf 63' lang='lat' dir='ltr'><strong>singulas</strong></span> <span class='ocrx_word' id='word_1_316' title='bbox 2543 4280 2758 4364; x_wconf 79' lang='lat' dir='ltr'><strong>siugu-</strong></span> 
     </span>
     <span class='ocr_line' id='line_1_39' title="bbox 552 4370 2756 4463; baseline 0.003 -23"><span class='ocrx_word' id='word_1_317' title='bbox 552 4375 757 4443; x_wconf 87' lang='lat' dir='ltr'><strong>larum</strong></span> <span class='ocrx_word' id='word_1_318' title='bbox 802 4400 1007 4444; x_wconf 86' lang='lat' dir='ltr'><strong>rerum</strong></span> <span class='ocrx_word' id='word_1_319' title='bbox 1053 4381 1401 4463; x_wconf 72' lang='grc' dir='ltr'><strong><em>ἐνεργείας,</em></strong></span> <span class='ocrx_word' id='word_1_320' title='bbox 1457 4379 1563 4445; x_wconf 80' lang='lat' dir='ltr'><strong>vel</strong></span> <span class='ocrx_word' id='word_1_321' title='bbox 1614 4382 1781 4445; x_wconf 86' lang='lat' dir='ltr'><strong>inter</strong></span> <span class='ocrx_word' id='word_1_322' title='bbox 1824 4380 1948 4445; x_wconf 90' lang='lat' dir='ltr'><strong>hoc</strong></span> <span class='ocrx_word' id='word_1_323' title='bbox 1991 4383 2055 4445; x_wconf 84' lang='grc' dir='ltr'><strong>τί</strong></span> <span class='ocrx_word' id='word_1_324' title='bbox 2097 4370 2182 4460; x_wconf 78' lang='grc' dir='ltr'><strong>ἦν</strong></span> <span class='ocrx_word' id='word_1_325' title='bbox 2227 4377 2397 4446; x_wconf 75' lang='grc' dir='ltr'><strong><em>εἶναι</em></strong></span> <span class='ocrx_word' id='word_1_326' title='bbox 2440 4392 2506 4447; x_wconf 84' lang='lat' dir='ltr'><strong>et-</strong></span> <span class='ocrx_word' id='word_1_327' title='bbox 2547 4404 2756 4447; x_wconf 83' lang='lat' dir='ltr'><strong>rerum</strong></span> 
     </span>
     <span class='ocr_line' id='line_1_40' title="bbox 552 4475 2760 4564; baseline 0.004 -19"><span class='ocrx_word' id='word_1_328' title='bbox 552 4480 663 4546; x_wconf 74' lang='lat' dir='ltr'><strong>vel</strong></span> <span class='ocrx_word' id='word_1_329' title='bbox 720 4492 1115 4551; x_wconf 82' lang='lat' dir='ltr'><strong>aeternarum</strong></span> <span class='ocrx_word' id='word_1_330' title='bbox 1174 4482 1278 4549; x_wconf 86' lang='lat' dir='ltr'><strong>vel</strong></span> <span class='ocrx_word' id='word_1_331' title='bbox 1334 4488 1782 4553; x_wconf 82' lang='lat' dir='ltr'><strong>intereuntium</strong></span> <span class='ocrx_word' id='word_1_332' title='bbox 1829 4478 1912 4550; x_wconf 80' lang='grc' dir='ltr'><strong>τὰ</strong></span> <span class='ocrx_word' id='word_1_333' title='bbox 1957 4486 2022 4550; x_wconf 76' lang='grc' dir='ltr'><strong>τί</strong></span> <span class='ocrx_word' id='word_1_334' title='bbox 2065 4475 2149 4564; x_wconf 81' lang='grc' dir='ltr'><strong>ἦν</strong></span> <span class='ocrx_word' id='word_1_335' title='bbox 2195 4481 2362 4551; x_wconf 78' lang='grc' dir='ltr'><strong><em>εἶναι</em></strong></span> <span class='ocrx_word' id='word_1_336' title='bbox 2403 4485 2760 4559; x_wconf 80' lang='lat' dir='ltr'><strong>intercedat</strong></span> 
     </span>
    </p>
   </div>
  </div>
 </body>
</html>
