3109 5175
1225 417 1276 463 α
1323 389 1394 464 2.
1469 392 1703 473 994ω
2424 398 2556 479 131

359 563 531 631 tollit
574 584 803 633 causae
847 569 1210 644 notionem,
1265 570 1371 654 qui
1426 589 1673 637 sursum
1718 569 2207 639 ascendentibus
2250 572 2563 647 infinitum

357 690 765 756 progressum
810 681 1031 761 patere
1078 671 1424 736 contendit,
1499 676 1677 752 (216
1726 676 1853 738 τῶν
1895 672 1956 738 δ’
1995 672 2283 762 ἀπείρων
2324 679 2562 745 τοῦτον

356 766 477 841 τὸν
519 768 771 858 τρόπον
813 778 856 839 i.
887 797 942 841 e.
987 775 1120 839 τῶν
1163 772 1449 861 ἀπείρων
1490 770 1663 843 κατὰ
1696 770 1821 857 τὴν
1860 773 2250 864 πρόσθεσιν,
2296 779 2376 847 cf.
2412 782 2562 859 ⁶30,

354 875 508 943 inde
553 879 738 954 enim,
783 877 956 962 quod
1002 900 1202 963 usque
1248 882 1399 944 novi
1446 876 1608 965 quid
1653 882 2037 947 extrinsecus
2083 881 2352 962 additur,
2403 884 2562 951 haec

357 982 599 1047 exsistit
632 979 928 1059 infinitas,
961 1002 1082 1045 nec
1108 1002 1266 1049 vero
1297 986 1665 1049 continuata
1695 985 1833 1047 sine
1862 983 1995 1048 fine
2026 984 2360 1065 divisione,
2388 983 2559 1071 κατὰ

355 1084 691 1168 διαίρεσιν,
734 1083 815 1149 cf.
852 1086 1046 1165 ⁶23.)
1135 1085 1466 1151 Pertinere
1510 1097 1719 1150 autem
1766 1089 2123 1153 universam
2168 1089 2331 1155 hanc
2375 1112 2559 1179 argu·

352 1190 805 1252 mentationem
864 1187 946 1253 ad
1004 1210 1140 1255 eam
1193 1190 1774 1277 investigationem,
1833 1212 2022 1275 quum
2069 1191 2148 1255 ab
2197 1193 2433 1261 effectu
2477 1194 2558 1259 ad

351 1311 602 1356 causam
648 1300 714 1355 et
755 1289 835 1355 ad
880 1290 1065 1357 huius
1111 1294 1339 1359 iterum
1387 1314 1616 1359 causae
1662 1315 1910 1358 causam
1947 1295 2407 1382 progredimur,
2452 1299 2558 1364 ἐπὶ
2634 1312 2639 1317 ’

349 1389 428 1460 τὸ
473 1387 628 1472 ἄνω,
673 1405 739 1460 et
781 1404 1045 1480 propter
1090 1393 1373 1481 exempla
1419 1416 1610 1480 supra
1647 1394 1838 1465 allata
1874 1400 2162 1469 ⁹3-11
2214 1399 2557 1471 verisimile

350 1508 466 1575 est,
512 1509 576 1563 et
620 1520 701 1563 eo
748 1498 1161 1565 confirmatur
1203 1499 1378 1586 quod
1423 1499 1724 1585 deinceps
1777 1500 1856 1565 ad
1903 1500 2164 1569 alteram
2211 1503 2557 1587 quaerendi

348 1605 513 1669 viam
569 1605 821 1683 transit,
879 1602 992 1671 ubi
1037 1624 1073 1667 a
1120 1624 1306 1668 cansa
1351 1604 1434 1672 ad
1480 1603 1780 1669 effectum
1838 1602 2270 1685 descenditur,
2327 1608 2432 1673 ἐπὶ
2476 1601 2555 1673 τὸ

347 1700 543 1783 κάτω,
589 1716 653 1771 et
698 1726 780 1769 ne
824 1708 891 1769 in
937 1728 1012 1771 ea
1056 1706 1308 1792 quidem
1354 1706 1732 1775 infinitatem
1776 1709 1986 1771 inesse
2031 1729 2226 1793 posse
2266 1730 2558 1797 compro-

346 1808 476 1873 bat.
541 1809 647 1873 De
675 1828 856 1873 voce.
889 1804 1045 1887 ἅνω,
1082 1805 1257 1877 κάτω
1293 1810 1371 1877 cf.
1403 1809 1484 1874 ad
1514 1812 1588 1874 Α
1617 1813 1678 1875 9.
1710 1812 1877 1877 992⁴
1906 1813 1986 1876 17
2023 1821 2088 1876 et
2112 1813 2339 1881 Waitz
2368 1812 2409 1877 l.
2441 1811 2483 1877 l.

479 1915 647 1978 994⁶
677 1914 762 1977 19
799 1905 1007 1979 ἀλλὰ
1043 1911 1202 1992 μὴν
1240 1910 1403 1981 οὐδ’
1437 1915 1568 1979 ἐπὶ
1604 1908 1695 1979 τὸ
1729 1909 1942 1980 κάτω
1975 1950 2055 1965 —-
2093 1915 2180 1979 ⁶6
2215 1917 2386 1981 ἐστὶ
2424 1919 2556 1999 γέ-

345 2035 583 2093 νεσις.
661 2016 876 2101 Quum
922 2013 1203 2081 infinitas
1248 2036 1382 2080 non
1429 2038 1573 2081 esse
1621 2037 1839 2080 causas
1885 2017 1991 2081 ἐπὶ
2034 2010 2111 2080 τὸ
2155 2010 2292 2081 ἄνω
2341 2039 2413 2080 ea
2458 2039 2556 2081 ra-

345 2122 764 2185 tiocinatione
803 2117 1226 2204 philosophus
1265 2119 1795 2205 comprobaverit,
1842 2139 2003 2204 quae
2042 2117 2125 2183 ad
2163 2122 2370 2187 omnia
2415 2142 2557 2187 cau-

345 2245 553 2289 sarum
598 2243 837 2310 genera
882 2219 1069 2287 simul
1113 2226 1458 2308 pertineat,
1516 2224 1654 2287 iure
1700 2232 2027 2308 exspectes
2075 2244 2214 2289 eum
2259 2221 2366 2288 vel
2410 2245 2555 2309 per-

343 2324 496 2390 inde
542 2325 882 2395 universali
926 2329 1478 2413 argumentatione
1529 2325 1907 2392 infinitatem
1953 2348 2281 2393 causarum
2326 2329 2432 2391 ἐπὶ
2476 2321 2553 2392 τὸ

343 2424 522 2493 κάτω
575 2429 1017 2509 refutaturum,
1075 2428 1180 2497 vel
1238 2427 1489 2517 singula
1534 2449 1863 2495 causarum
1908 2451 2146 2517 genera
2193 2451 2304 2495 sua
2351 2430 2555 2515 quod·

344 2553 470 2619 que
514 2537 1060 2620 argumentatione
1104 2543 1603 2620 persecuturum,
1661 2543 1724 2598 et
1768 2535 1864 2602 his
1909 2535 2219 2604 confectis
2264 2536 2553 2602 transitu·
2604 2562 2607 2563 ⁷

342 2657 481 2701 rum
539 2634 622 2702 ad
676 2636 936 2704 alteram
993 2637 1444 2722 disputationis
1498 2648 1774 2724 partem,
1832 2647 1905 2704 ut
1960 2659 2080 2703 nec
2131 2658 2371 2725 genera
2415 2640 2554 2724 ipsa

344 2761 671 2806 causarum
723 2740 974 2808 infinita
1033 2761 1174 2804 esse
1231 2738 1478 2806 doceat.
1570 2740 1703 2806 Sed
1748 2763 1782 2804 a
1828 2739 1939 2806 tali
1991 2741 2220 2808 ordine
2275 2743 2553 2825 scriptor

342 2841 544 2932 longe
586 2844 846 2912 recedit.
935 2845 1216 2912 Exorans
1276 2846 1442 2916 enim
1497 2842 1920 2931 comprobare
1964 2865 2096 2912 non
2144 2866 2284 2910 esse
2330 2865 2551 2909 causas

341 2946 624 3014 infinitas
668 2951 774 3015 ἐπὶ
816 2941 896 3013 τὸ
939 2942 1132 3025 κάτω,
1175 2968 1550 3033 quamquam
1595 2929 1848 3016 minime
1889 2945 2274 3033 significavit
2302 2967 2438 3020 non
2468 2944 2550 3011 de

343 3049 638 3116 omnibus
684 3071 756 3116 se
801 3050 1128 3138 disputare
1171 3072 1499 3118 causarum
1554 3050 1928 3138 generibus,
1986 3059 2198 3114 tamen
2256 3047 2550 3116 inductus

341 3153 638 3240 profecto
682 3154 994 3220 formulae
1038 3155 1106 3220 ec
1150 3177 1354 3232 τινος,
1411 3177 1597 3240 quam
1649 3156 2005 3240 usurpavit,
2060 3150 2550 3240 significatione,

344 3279 484 3321 eam
519 3262 1127 3344 argumentationem
1164 3261 1493 3345 restringit
1525 3258 1609 3324 ad
1642 3279 1829 3324 unam
1864 3277 2112 3322 causam
2143 3255 2549 3324 materialem.

342 3360 601 3426 Deinde
647 3361 729 3426 de
772 3360 951 3428 finali
998 3381 1184 3430 causa
1229 3363 1516 3426 69--16
1564 3372 1631 3424 et
1673 3359 1756 3426 de
1800 3357 2048 3426 formali
2083 3361 2418 3432 616-20
2464 3361 2549 3425 ita

344 3463 612 3542 disserit,
657 3475 742 3541 ut,
787 3468 840 3530 si
886 3468 1147 3530 omnino
1192 3466 1261 3530 in
1305 3464 1400 3530 his
1447 3483 1675 3526 causae
1709 3461 2054 3549 generibus
2090 3461 2552 3549 progrediendi

343 3578 412 3632 et
449 3566 858 3655 regrediendi
913 3566 1248 3634 discrimen
1297 3567 1416 3632 hac
1465 3569 1534 3630 in
1581 3566 1957 3650 quaestione
2002 3575 2174 3628 recte
2220 3564 2552 3628 abhibere-

342 3680 547 3749 retur,
604 3669 976 3738 infinitatem
1035 3672 1141 3735 ἐπὶ
1197 3663 1273 3736 τὸ
1330 3663 1468 3734 ἅνω
1522 3667 1791 3734 refellat.
1881 3667 2251 3734 Moventem
2300 3688 2551 3734 causam

341 3791 607 3858 prorem
666 3777 876 3840 omisit
928 3784 1243 3844 excutere.
1333 3773 1631 3858 Denique
1667 3773 1798 3838 1³20
1840 3792 1975 3857 sqq.
2019 3774 2327 3836 rationem
2374 3768 2552 3834 addit

341 3887 467 3941 tem
511 3875 642 3941 late
685 3889 1025 3963 patentem,
1070 3886 1142 3942 nt
1184 3876 1267 3943 ad
1311 3897 1564 3943 omnem
1611 3896 1937 3944 causarum
1978 3874 2370 3950 infinitatem,
2417 3877 2552 3937 sive

341 3981 448 4045 inl
490 3974 570 4044 τὸ
614 3973 752 4045 ἅνω
796 3984 932 4048 siva
977 3982 1084 4046 ἐπὶ
1126 3973 1203 4046 τὸ
1247 3974 1452 4058 κάτω,
1508 3982 1675 4058 sive,
1734 3999 1895 4064 quae
1940 3981 2233 4065 superior
2278 3987 2415 4042 erat
2460 3975 2553 4042 di-

342 4086 536 4161 visio,
596 4088 685 4160 alc
732 4081 1107 4168 εὐθυωρίαν
1151 4085 1288 4148 sive
1331 4081 1473 4152 κατ’
1512 4080 1712 4160 εἶδος,
1770 4084 2011 4168 pariter
2061 4082 2281 4147 referri
2328 4082 2551 4167 possit,

343 4188 532 4272 eique
590 4186 870 4256 adnectit
925 4186 1184 4254 alteram
1235 4185 1409 4254 illam
1453 4185 1900 4273 disputationis
1945 4197 2187 4273 partem
2224 4187 2371 4262 ⁶27,
2429 4203 2551 4269 qua

343 4311 584 4377 genera
628 4312 953 4362 causarum
997 4313 1133 4360 non
1180 4312 1322 4356 esse
1363 4288 1614 4360 infinita
1658 4290 2050 4376 comprobat.
2125 4291 2280 4355 Non
2327 4286 2553 4354 deesse

345 4404 529 4471 artes,
575 4395 807 4480 quibus
850 4396 1022 4464 hunc
1065 4398 1248 4464 etiam
1293 4392 1661 4480 disputandi
1707 4391 1996 4462 ordinem
2043 4393 2147 4458 vel
2185 4390 2407 4456 laudes
2450 4387 2557 4456 vel

341 4495 686 4578 defendas,
737 4500 944 4586 probe
987 4504 1155 4578 scio;
1209 4496 1329 4568 sed
1384 4499 1620 4570 iustum
1680 4506 1747 4564 et
1796 4496 2144 4586 simplicem
2191 4515 2335 4564 eum
2382 4491 2554 4562 ordi·

2072 4601 2147 4658 9.
