3109 5175
1197 391 1272 463 Γ
1309 389 1379 464 5.
1461 390 1651 466 1010
1668 390 1731 464 b.
2423 393 2569 470 205

361 564 728 633 universale
749 566 1131 653 principium
1163 565 1366 644 tollit;
1391 572 1761 655 propositio
1788 569 1954 635 enim
1985 567 2359 637 universalis
2380 574 2571 638 unius

359 672 829 757 propositionis
871 670 1209 758 singularis
1245 675 1549 738 instantia
1593 672 1861 738 tollitur.
1952 674 2068 737 His
2118 674 2401 760 scopulis
2445 677 2571 741 hoc

358 774 544 854 loeo,
589 774 699 840 ubi
742 777 1109 842 mutafionis
1154 779 1392 841 mentio
1441 780 1797 842 necessaria
1839 797 1972 842 non
2019 787 2182 856 erat,
2226 789 2569 865 propterea

358 877 556 944 illidit
585 878 983 956 Aristoteles,
1029 882 1172 965 quia
1217 883 1595 967 principium
1628 880 2150 946 contradictionis
2181 901 2313 946 non
2346 881 2427 948 de
2457 904 2572 948 no·

360 983 667 1062 tionibuS,
710 983 827 1048 sed
872 981 953 1048 de
998 983 1196 1049 rebus
1233 983 1445 1049 valere
1479 989 1714 1071 posuit,
1759 985 1838 1051 cf.
1878 984 1960 1049 ad
1995 988 2057 1051 3.
2093 988 2294 1051 moab
2320 988 2405 1052 19
2434 1008 2569 1074 sqq.

363 1125 447 1140 -
492 1088 629 1152 214
673 1087 802 1164 δίς
850 1125 930 1139 -
978 1087 1353 1172 ἐμβῆναι.
1428 1086 1532 1154 Cf.
1581 1087 1763 1153 locos
1806 1086 2103 1154 laudatos
2149 1111 2189 1153 a
2230 1089 2568 1156 Brundisio

362 1190 604 1257 Gescb.
646 1191 696 1256 1.
742 1213 807 1276 p.
856 1192 1002 1256 155.
1045 1225 1134 1238 -—
1175 1192 1315 1256 112
1361 1186 1815 1278 Κράτυλος.
1905 1191 2011 1257 Cf.
2054 1191 2331 1280 lepidam
2374 1196 2572 1262 Hera-

361 1295 700 1360 eliteorum
747 1293 1244 1382 descriptionem
1290 1293 1460 1381 apud
1503 1293 1664 1360 Plat.
1714 1295 1977 1362 Theaet.
2022 1320 2086 1384 p.
2121 1300 2268 1365 179.
2308 1338 2391 1352 —
2432 1301 2571 1366 ⁶22

362 1396 579 1465 εἶναι
624 1404 738 1475 εἰς
781 1392 1149 1485 ἄπειρον.
1236 1399 1613 1464 Lectionem
1669 1420 1854 1486 quam
1912 1410 1979 1466 et
2034 1400 2181 1467 libri
2233 1407 2572 1470 manuscri*

360 1506 458 1591 pti
505 1523 725 1568 omnes
771 1502 1070 1568 exhibent
1113 1511 1182 1567 et
1226 1500 1589 1568 Alexander
1633 1503 1969 1570 confirmat
2011 1528 2072 1591 p.
2104 1507 2254 1584 266,
2292 1509 2378 1572 12
2422 1511 2570 1574 reti·

361 1628 519 1673 nere
564 1606 772 1685 malui,
816 1627 1002 1693 quem
1040 1605 1323 1673 Bekkeri
1357 1608 1785 1672 coniecturam
1829 1612 1999 1675 ἰέναι
2038 1614 2347 1697 recipere.
2418 1613 2571 1677 Fre-

363 1713 839 1799 quentissimum
882 1732 1037 1775 sane
1081 1710 1255 1797 apud
1299 1711 1709 1777 Aristooebem
1766 1723 1865 1778 est
1921 1717 2010 1790 εἰς
2063 1707 2336 1798 ἄπειρον
2386 1718 2570 1793 ἱέναι,

361 1815 671 1900 βαδίζειν,
705 1818 1025 1902 προϊέναι,
1065 1813 1185 1879 sed
1221 1813 1457 1902 legitur
1492 1825 1704 1882 tamen
1742 1821 1832 1893 εἰς
1867 1811 2140 1900 ἄπειρον
2175 1813 2343 1883 εἶναι
2377 1818 2568 1886 Polit.

364 1922 396 1986 1
425 1923 488 1986 9.
522 1919 731 1985 125&
759 1920 826 1984 1:
871 1922 962 1995 εὶς
995 1912 1274 2005 ¹‹J'bwecoov
1308 1907 1428 1985 οὖν
1470 1922 1719 1999 ἐκείνης
1759 1921 1877 1999 τῆς
1919 1922 2280 2005 ἐπιθυμίας
2324 1915 2571 2002 οὔσης

366 2024 488 2108 (cf.
535 2047 596 2088 v,
641 2022 685 2087 l.
732 2020 813 2087 ad
861 2046 907 2086 α
951 2022 1014 2086 2.
1058 2022 1227 2088 994⁶
1250 2023 1352 2105 3),
1399 2032 1465 2088 et
1500 2027 1575 2088 A
1612 2025 1675 2089 8.
1714 2023 1923 2088 1074a
1946 2025 2051 2101 29,
2095 2023 2207 2089 ubi
2252 2028 2342 2101 εἰς
2385 2019 2569 2090 ἄπει-

363 2150 487 2217 ρον
544 2126 822 2214 elliptice
877 2135 1241 2212 usurpatur,
1315 2129 1415 2192 vix
1475 2125 1653 2192 aliud
1707 2124 2048 2214 quidquam
2104 2130 2228 2198 nisi
2283 2151 2343 2193 v.
2403 2121 2570 2196 εἶναι

362 2231 780 2320 suppleveris.

503 2336 823 2401 1⁰10035
863 2335 1140 2401 καίτοι
1184 2335 1624 2423 συμβαίνει
1673 2374 1752 2390 -
1794 2340 1880 2404 ⁶1
1924 2339 2196 2404 πᾶσιν.
2264 2337 2570 2403 Mutatio·

362 2461 508 2506 nem
555 2449 628 2505 ut
668 2440 922 2526 possint
965 2438 1309 2526 explicare,
1353 2449 1505 2505 sunt
1546 2443 1656 2527 qui
1698 2444 2076 2529 principium
2121 2441 2569 2510 contradictio-
2624 2486 2629 2490 -

360 2548 464 2611 nis
509 2543 758 2611 tollant.
848 2542 981 2611 Sed
1036 2546 1181 2631 ipso
1237 2544 1364 2610 boc
1420 2547 1737 2632 principio
1782 2544 2037 2613 sublato
2080 2548 2265 2612 inviti
2308 2567 2390 2613 eo
2436 2544 2569 2613 adi·

361 2661 620 2739 guntur,
663 2651 879 2714 καίτοι
925 2649 1276 2732 συμβαίνει
1309 2650 1462 2729 035,
1507 2650 1589 2715 cf.
1635 2650 1717 2715 ad
1760 2652 1834 2716 A
1874 2652 1940 2717 8.
1984 2651 2279 2727 sevam,
2325 2659 2394 2716 ut
2434 2671 2569 2715 mu·-

360 2757 666 2820 tationem
705 2751 946 2819 nullam
994 2773 1135 2818 esse
1180 2752 1637 2831 confiteantur-3
1683 2757 1981 2841 quoniam
2012 2758 2187 2843 *enim
2230 2774 2304 2819 ex
2346 2774 2567 2821 eorum

362 2857 613 2944 placitis
666 2856 962 2923 omuibus
1020 2855 1214 2923 rebus
1270 2878 1491 2922 omnes
1547 2859 1759 2924 inesse
1820 2870 2160 2925 censentur
2216 2858 2568 2946 qualitates,

363 2984 498 3029 non
546 2974 642 3028 est
685 2965 752 3027 in
796 2982 983 3049 quam
1029 2983 1148 3049 per
1192 2964 1604 3027 mutationem
1651 2965 1918 3027 transm
1960 2965 2229 3048 possint.

499 3069 765 3134 101061
809 3068 997 3152 περὶ
1041 3065 1123 3131 δὲ
1168 3098 1256 3115 --
1298 3067 1388 3131 30
1433 3059 1705 3143 οὕτως.
1775 3064 1973 3151 Quod
2002 3068 2389 3156 Protagorei
2416 3088 2569 3133 con-

362 3170 635 3238 tendunt
689 3191 908 3235 verum
969 3189 1108 3235 esse
1161 3168 1339 3255 quod
1395 3172 1625 3257 cuique
1681 3170 1762 3236 de
1820 3170 2105 3258 qualibet
2160 3193 2232 3237 re
2275 3170 2570 3237 videatur

363 3276 556 3360 (περὶ
602 3275 672 3339 δὲ
717 3274 836 3354 τῆς
879 3270 1212 3354 ἀληθείας
1252 3277 1395 3369 fol),
1439 3274 1567 3340 hoc
1609 3275 1908 3361 placitum
1950 3279 2020 3342 in
2050 3276 2214 3343 fines
2244 3274 2443 3363 longe
2474 3296 2567 3339 ar·

361 3381 560 3444 tiores
623 3388 722 3443 est
778 3376 1320 3466 restringendum3
1387 3376 1549 3443 illud
1609 3381 1774 3443 enim
1829 3401 1981 3445 vere
2040 3378 2344 3447 contendi
2403 3378 2566 3456 licet,

363 3504 618 3549 sensum
673 3481 1019 3570 quemlibet
1071 3502 1207 3549 non
1259 3481 1396 3547 falli
1437 3484 1504 3548 in
1549 3480 1974 3570 percipiendis
2018 3482 2210 3549 rebus
2253 3486 2378 3569 ipsi
2419 3503 2568 3569 pro-

363 3588 503 3673 prie
531 3586 850 3666 subiectis,
895 3597 961 3651 at
1003 3586 1351 3672 phantasia,
1395 3608 1579 3674 quam
1610 3588 2006 3675 Protagorei,
2051 3609 2241 3673 quum
2285 3580 2361 3651 τὸ
2407 3608 2566 3676 φαι-

361 3686 646 3774 νόμενον
692 3689 911 3757 dicunt
950 3710 1170 3757 verum
1218 3713 1374 3770 esse,
1426 3694 1710 3757 veritatis
1752 3691 1996 3758 faciunt
2037 3690 2309 3761 iudicem
2356 3711 2443 3754 ac·
2474 3698 2568 3754 te-

361 3804 540 3873 stem,
586 3793 803 3860 differt
841 3817 877 3860 a
917 3815 1129 3861 sensu.
1195 3797 1425 3877 (Hunc
1467 3799 1533 3862 in
1578 3795 1835 3862 modum
1882 3795 2246 3884 accipienda
2293 3794 2567 3860 arbitror

361 3884 560 3964 verba
601 3900 864 3983 πρῶτον
896 3901 1017 3982 μὲν
1052 3937 1132 3952 -—
1163 3896 1502 3980 αἰσθήσει,
1545 3922 1710 3987 quae
1752 3910 2097 3987 propterea
2143 3898 2411 3985 aliquam
2457 3898 2566 3963 ba·

361 4001 520 4067 bent
556 4001 1023 4082 obscuritatem,
1067 4006 1211 4090 quia
1241 4004 1614 4071 refutationi
1642 4006 2015 4091 interposita
2049 4015 2146 4069 est
2172 4014 2567 4093 argumenta·

361 4110 457 4173 tio
501 4106 1027 4173 adversariorum.
1097 4106 1356 4173 Plenius
1387 4107 1640 4174 videtur
1668 4113 1757 4173 ita
1790 4109 1925 4174 fere
1964 4107 2300 4175 dicendum
2338 4108 2564 4174 fuisse:

361 4211 626 4297 πρῶτον
679 4214 801 4296 μὲν
845 4217 900 4278 εὶ
946 4214 1141 4278 τοῦτο
1188 4213 1448 4297 λέγουσι
1489 4207 1868 4301 τεκμήριον,
1924 4207 2027 4280 ὅτι
2069 4215 2181 4279 καὶ
2224 4210 2267 4292 ἡ
2313 4210 2564 4290 αἴσθη-

366 4334 469 4390 σις
509 4317 630 4380 τοῦ
672 4316 862 4382 ἰδίου·
887 4312 1006 4383 οὐκ
1048 4318 1186 4383 ἔστι
1219 4312 1488 4406 ψευδής,
1532 4314 1678 4383 ἀλλ’
1719 4313 2133 4397 ἀπαντητέον
2170 4311 2275 4382 ὅτι
2308 4314 2355 4395 ἡ
2391 4338 2567 4404 φαν-

363 4420 567 4483 τασία
623 4416 706 4485 οὐ
760 4415 1003 4487 ταύτόν
1046 4426 1182 4486 ἐστι
1226 4420 1306 4508 τῇ
1347 4417 1684 4501 αὶσθήσει.
1774 4418 2139 4487 Alexander
2180 4443 2242 4507 p.
2283 4421 2430 4497 268,
2475 4419 2564 4485 30

363 4519 591 4589 dubito
634 4544 717 4589 an
762 4523 983 4610 paullo
1027 4523 1345 4611 diversum
1381 4524 1461 4589 ab
1496 4527 1625 4593 boc
1646 4525 1945 4593 hebuerit
1970 4535 2221 4601 textum,
2264 4522 2552 4589 fortasse:
