3109 5175
569 371 715 445 246
1376 374 1445 443 A
1501 372 1613 444 1⁰.
1696 371 1965 446 loma.

572 559 640 613 et
679 545 812 614 ὅσα
855 549 982 632 ἔχει
1023 551 1094 612 ἐν
1138 550 1214 637 τῇ
1259 544 1456 630 οὐσίᾳ
1489 542 1620 627 τὴν
1660 543 2030 632 ἑτερότητα,
2072 545 2183 612 illa
2228 550 2397 614 enim
2438 546 2777 614 referenda

572 667 759 716 erunt
824 650 906 715 ad
971 654 1275 716 unitatem
1333 650 1704 740 analogiae,
1768 651 1929 716 haec
1992 650 2074 716 ad
2130 655 2465 718 unitata--
2490 655 2777 740 generisi

572 755 774 819 mito
827 754 1109 840 denique
1166 758 1370 819 miuus
1425 753 1721 821 addenda
1774 765 1957 819 erant
1996 748 2085 819 τά
2126 758 2424 834 ἐναντία,
2482 777 2560 821 ea
2609 758 2779 822 enin

573 863 848 945 speciem
896 858 1184 923 efficiunt
1223 861 1345 926 τοῦ
1387 854 1748 947 διαφόρου,
1803 870 1873 923 nt
1919 857 2273 925 luculenter
2316 859 2589 946 explicat
2630 861 2681 924 Ι
2717 861 2779 936 4,

573 984 782 1048 neque
829 984 966 1026 eam
1012 962 1265 1049 quidem
1311 961 1751 1027 coordinatam
1800 961 2086 1049 reliquis,
2144 985 2303 1050 quas
2348 962 2584 1042 attulit,
2632 983 2780 1049 spe-

575 1066 794 1132 ciebus
835 1068 958 1131 τοῦ
1001 1063 1348 1155 διαφόρου.

706 1172 781 1234 In
840 1169 1260 1235 describenda
1312 1173 1581 1236 motione
1625 1173 1746 1236 τοῦ
1789 1168 2027 1255 ὁμοίου
2072 1170 2283 1238 lolea
2322 1171 2607 1236 15--19
2650 1169 2779 1249 (de

574 1296 697 1359 qua
745 1274 823 1337 cf.
874 1276 1042 1358 Top.
1087 1275 1115 1337 1
1163 1276 1289 1352 17)
1348 1285 1622 1359 quatuor
1677 1274 1929 1360 quidem
1993 1284 2317 1339 enumerat
2367 1273 2779 1362 m'gnifieatio-

573 1398 703 1453 ne8‚
748 1376 863 1441 sed
913 1398 1020 1440 eas
1065 1380 1116 1440 si
1164 1379 1305 1462 quis
1349 1373 1571 1463 paullo
1619 1376 1987 1464 diligentius
2032 1380 2395 1454 excusserit,
2437 1398 2666 1443 vereor
2708 1387 2781 1442 ut

573 1478 916 1565 quidquam
960 1482 1114 1543 certi
1155 1478 1532 1545 discriminis
1571 1483 1653 1544 sit
1687 1483 2078 1545 inventurus.
2146 1482 2310 1547 Nam
2340 1480 2517 1566 quod
2547 1481 2628 1545 ab
2663 1482 2780 1544 ini-

573 1587 665 1648 tio
709 1582 936 1648 similia
984 1605 1055 1647 ea
1104 1583 1257 1648 dicit
1299 1587 1616 1649 nominari
1644 1605 1805 1670 quae
1837 1584 2216 1666 affectiones
2246 1605 2469 1649 omnes
2507 1604 2779 1650 commu-

572 1709 687 1751 nes
717 1688 1012 1765 habeant,
1046 1688 1215 1752 idem
1247 1692 1610 1754 continetur
1636 1692 1819 1753 tertia
1850 1687 2341 1776 Qficatione,
2383 1687 2608 1752 similia
2638 1707 2779 1753 esse

576 1812 650 1855 ea
696 1806 976 1877 quorum.
1015 1791 1236 1856 eadem
1279 1795 1365 1857 sit
1408 1793 1695 1878 qualitas,
1739 1792 2047 1878 siquidem
2080 1791 2165 1856 ad
2196 1791 2562 1877 qualitatem
2593 1795 2781 1856 etiam

575 1895 938 1960 referuntur
963 1895 1340 1975 παθητικαὶ
1375 1893 1719 1977 ποιότητες
1747 1900 1859 1961 καὶ
1894 1891 2114 1974 πάθη,
2150 1894 2294 1961 Cat.
2325 1897 2386 1961 8.
2418 1898 2499 1960 9ο
2522 1896 2630 1961 28.
2698 1896 2782 1959 Et

577 1999 752 2085 quod
792 2011 1070 2065 extremo
1108 1998 1256 2063 loco
1296 1997 1473 2065 dicit:
1519 2002 1631 2065 καὶ
1674 1996 1842 2064 καθ’
1883 1995 2014 2063 ὅσα
2056 1995 2504 2064 ἀλλοιοῦσθαι
2537 1999 2783 2082 ἑνδέχε·

574 2125 686 2167 ται
730 2106 857 2170 τῶν
902 2104 1215 2170 ἐναντίων
1260 2140 1346 2153 -
1390 2102 1601 2186 τούτῳ
1644 2106 1746 2166 vix
1792 2102 2148 2189 distinguas
2195 2125 2229 2166 a
2275 2104 2492 2188 primis
2537 2101 2783 2167 duabus

574 2205 1168 2294 significationibus,
1213 2211 1266 2270 si
1305 2207 1668 2272 adhibueris
1710 2204 2153 2271 definitionem
2198 2207 2320 2271 τοῦ
2360 2201 2635 2280 πάθους
2676 2207 2781 2270 21.

578 2310 780 2375 lo22b
824 2312 938 2374 15:
985 2305 1220 2385 πάθος
1265 2311 1522 2395 λέγεται.
1564 2315 1681 2374 ἕνα
1723 2311 1844 2392 μὲν
1886 2307 2135 2394 τρόπον
2174 2304 2453 2388 ποιότης
2492 2305 2661 2374 καθ’
2698 2302 2784 2388 ἢν

577 2410 1024 2478 ἀλλοιοῦσθαι
1070 2415 1409 2500 ἐνδέχεται.
1482 2413 1577 2477 Ab
1627 2412 1935 2479 eiusmodi
1984 2411 2334 2479 definiendi
2376 2415 2548 2478 vitiis
2578 2411 2784 2478 libera

575 2526 673 2580 est
719 2515 1065 2603 disputatio
1112 2516 1257 2581 libri
1305 2516 1352 2581 Ι
1391 2519 1454 2582 3.

1492 2777 1722 2853 CAP.
1787 2780 1879 2855 X.

707 2941 1298 3025 oppositionis
1343 2948 1679 3023 postquam
1724 2947 2001 3023 quatuor
2042 2937 2153 3001 illa
2190 2940 2516 3002 notissima
2549 2957 2786 3024 genera

577 3045 982 3119 enumeravit,
1029 3040 1617 3118 contradictionem,
1664 3043 2190 3120 contrarietatem,
2228 3040 2618 3119 relationem,
2661 3043 2788 3127 pri-

576 3146 901 3209 vationem
947 3156 1016 3209 et
1059 3144 1367 3221 habitum,
1411 3147 1636 3230 quinto
1683 3143 1833 3208 loco
1889 3142 2093 3209 addit.
2135 3146 2249 3208 καὶ
2292 3141 2363 3222 ἐξ
2406 3136 2496 3208 ὧν
2542 3146 2656 3208 καὶ
2702 3148 2793 3220 εὶς

577 3243 624 3313 ἃ
669 3250 915 3334 ἔσχατα
959 3248 1021 3329 [,
1067 3245 1258 3331 οἷον]
1305 3250 1378 3312 αἱ
1421 3252 1700 3331 γενέσεις
1742 3248 1851 3313 καὶ
1898 3252 1969 3312 αἱ
2012 3249 2305 3337 φθοραί.
2372 3248 2445 3312 ln
2477 3247 2573 3311 bis
2602 3268 2793 3312 voca-

576 3350 793 3416 bulum
841 3347 989 3416 οἷον
1033 3375 1067 3415 a
1117 3362 1289 3416 textu
1335 3350 1792 3418 secludendum
1841 3355 2074 3429 censui,
2118 3352 2293 3437 quod
2330 3355 2612 3437 spurium
2650 3373 2792 3416 esse

579 3477 653 3520 ex
696 3460 835 3541 ipsa
881 3459 1236 3521 sententiae
1281 3460 1532 3521 ratione
1576 3465 1869 3543 apparet3
1929 3477 2139 3541 neque
2197 3459 2364 3520 enim
2412 3459 2482 3519 in
2524 3476 2791 3542 genera-

579 3562 818 3624 tionem
867 3559 970 3624 vel
1015 3564 1522 3648 corruptionem,
1587 3582 1797 3651 neque
1845 3580 1919 3624 ex
1962 3563 2383 3647 generatione
2427 3558 2533 3623 vel
2577 3578 2793 3623 corru-

577 3668 800 3751 ptione
861 3664 1201 3751 quidquam
1257 3676 1567 3743 mutatur,
1623 3676 1695 3729 ut
1749 3664 1813 3727 hi
1869 3667 2127 3729 extremi
2173 3667 2298 3728 sint
2339 3662 2507 3727 fines
2550 3683 2627 3726 ac
2669 3672 2791 3726 ter·-

578 3772 728 3833 mini
786 3772 1183 3846 mutationis,
1240 3768 1354 3833 sed
1413 3772 1746 3857 generatio
1808 3780 1872 3832 et
1928 3770 2257 3853 corruptio
2314 3770 2515 3854 ipsam
2571 3768 2790 3851 potius

577 3873 859 3939 mutandi
892 3876 1054 3936 viam
1088 3871 1466 3959 significant.
1537 3872 1806 3937 Accedit
1835 3869 2179 3937 Alexandri
2212 3873 2575 3949 auctoritas,
2615 3871 2791 3935 cuius

579 3981 645 4041 in
692 3979 1146 4041 commentario
1205 3997 1513 4063 nusquam
1568 3975 1736 4041 illius
1781 3975 2080 4040 vocabuli
2125 3971 2270 4040 οἷον
2312 3978 2649 4062 vestigium
2694 3992 2793 4037 re-

581 4082 818 4169 perias,
878 4079 956 4142 cf.
1004 4103 1063 4165 p.
1100 4082 1249 4159 341,
1293 4082 1408 4145 26:
1468 4081 1583 4144 καὶ
1629 4073 1714 4145 τοὶ
1758 4076 1829 4158 ἐξ
1873 4071 1965 4143 ὦν
2008 4084 2079 4144 αἱ
2123 4081 2403 4162 γενέσεις
2446 4078 2559 4143 καὶ
2602 4077 2793 4166 φθο-
2854 4132 2863 4141 .

577 4186 691 4268 pai
731 4195 794 4249 et
827 4206 889 4270 p·
919 4185 1068 4261 341,
1105 4186 1219 4249 30:
1267 4185 1444 4267 λέγοι
1488 4180 1549 4248 δ’
1594 4177 1679 4248 ἂν
1722 4182 1981 4266 μᾶλλον
2022 4177 2109 4247 τὰ
2152 4180 2222 4261 ἐξ
2265 4172 2357 4248 ὧν
2400 4185 2473 4246 αὶ
2516 4183 2795 4265 γενέσεις

577 4289 688 4352 καὶ
734 4291 802 4352 αἱ
850 4289 1120 4377 φθοραὶ
1165 4289 1298 4352 κτλ.
1371 4287 1575 4354 Cuius
1620 4290 1985 4352 auctoritati
2027 4289 2275 4374 opponi
2318 4281 2793 4372 quodammodo

576 4394 782 4476 possit
829 4389 1190 4477 Asclepius,
1248 4395 1355 4477 qui
1403 4389 1578 4476 quod
1625 4390 1846 4456 scribit
1888 4390 2057 4457 Cod.
2107 4390 2288 4454 Mon.
2336 4390 2378 4454 f.
2411 4389 2627 4455 ama:
2681 4388 2796 4452 καὶ

578 4490 648 4572 ἐξ
695 4484 784 4558 ὧν
829 4495 941 4558 καὶ
979 4498 1070 4569 εἰς
1107 4488 1152 4557 ὀὶ
1190 4496 1434 4578 ἔσχατα
1471 4500 1906 4560 τουτέστιν
1941 4499 2013 4560 αι’
2044 4497 2325 4578 γενέσεις
2351 4495 2466 4559 καὶ
2497 4496 2573 4558 αἱ
2605 4492 2798 4581 φθο-
