<?xml version="1.0" encoding="UTF-8"?>
<!DOCTYPE html PUBLIC "-//W3C//DTD XHTML 1.0 Transitional//EN"
    "http://www.w3.org/TR/xhtml1/DTD/xhtml1-transitional.dtd">
<html xmlns="http://www.w3.org/1999/xhtml" xml:lang="en" lang="en">
 <head>
  <title>
</title>
<meta http-equiv="Content-Type" content="text/html;charset=utf-8" />
  <meta name='ocr-system' content='tesseract 3.04.00' />
  <meta name='ocr-capabilities' content='ocr_page ocr_carea ocr_par ocr_line ocrx_word'/>
</head>
<body>
  <div class='ocr_page' id='page_1' title='image "aristotelismeta01bonigoog_0556.png"; bbox 0 0 3109 5175; ppageno 0'>
   <div class='ocr_carea' id='block_1_1' title="bbox 580 374 1977 452">
    <p class='ocr_par' dir='ltr' id='par_1_1' title="bbox 580 374 1977 452">
     <span class='ocr_line' id='line_1_1' title="bbox 580 374 1977 452; baseline -0.003 0"><span class='ocrx_word' id='word_1_1' title='bbox 580 377 726 452; x_wconf 80' lang='lat'><strong>524</strong></span> <span class='ocrx_word' id='word_1_2' title='bbox 1372 379 1454 450; x_wconf 86' lang='grc' dir='ltr'><em>Λ</em></span> <span class='ocrx_word' id='word_1_3' title='bbox 1510 375 1624 450; x_wconf 88' lang='grc'><strong>10.</strong></span> <span class='ocrx_word' id='word_1_4' title='bbox 1706 374 1892 450; x_wconf 88' lang='grc'><strong>1075</strong></span> <span class='ocrx_word' id='word_1_5' title='bbox 1912 375 1977 448; x_wconf 82' lang='lat' dir='ltr'><strong>b.</strong></span> 
     </span>
    </p>
   </div>
   <div class='ocr_carea' id='block_1_2' title="bbox 529 552 2809 3851">
    <p class='ocr_par' dir='ltr' id='par_1_2' title="bbox 579 552 2809 2501">
     <span class='ocr_line' id='line_1_2' title="bbox 579 552 2809 641; baseline -0.002 -21"><span class='ocrx_word' id='word_1_6' title='bbox 579 557 740 620; x_wconf 87' lang='lat' dir='ltr'><strong>riter</strong></span> <span class='ocrx_word' id='word_1_7' title='bbox 773 564 947 641; x_wconf 83' lang='lat' dir='ltr'><strong>apta3</strong></span> <span class='ocrx_word' id='word_1_8' title='bbox 985 575 1292 619; x_wconf 88' lang='lat' dir='ltr'><strong>summum</strong></span> <span class='ocrx_word' id='word_1_9' title='bbox 1327 555 1524 641; x_wconf 85' lang='lat' dir='ltr'><strong>igitur</strong></span> <span class='ocrx_word' id='word_1_10' title='bbox 1555 554 1953 640; x_wconf 85' lang='lat' dir='ltr'><strong>principium,</strong></span> <span class='ocrx_word' id='word_1_11' title='bbox 1991 553 2290 638; x_wconf 85' lang='lat' dir='ltr'><strong>quoniam</strong></span> <span class='ocrx_word' id='word_1_12' title='bbox 2324 573 2362 615; x_wconf 83' lang='lat' dir='ltr'><strong>a</strong></span> <span class='ocrx_word' id='word_1_13' title='bbox 2394 552 2653 616; x_wconf 81' lang='lat' dir='ltr'><strong>materia</strong></span> <span class='ocrx_word' id='word_1_14' title='bbox 2694 561 2809 616; x_wconf 80' lang='lat' dir='ltr'><strong>est</strong></span> 
     </span>
     <span class='ocr_line' id='line_1_3' title="bbox 581 654 2804 737; baseline -0.002 -14"><span class='ocrx_word' id='word_1_15' title='bbox 581 661 885 737; x_wconf 89' lang='lat' dir='ltr'><strong>immune,</strong></span> <span class='ocrx_word' id='word_1_16' title='bbox 940 656 1108 723; x_wconf 90' lang='lat' dir='ltr'><strong>idem</strong></span> <span class='ocrx_word' id='word_1_17' title='bbox 1167 662 1441 723; x_wconf 83' lang='lat' dir='ltr'><strong>immune</strong></span> <span class='ocrx_word' id='word_1_18' title='bbox 1492 670 1591 721; x_wconf 86' lang='lat' dir='ltr'><strong>est</strong></span> <span class='ocrx_word' id='word_1_19' title='bbox 1634 679 1671 720; x_wconf 88' lang='lat' dir='ltr'><strong>a</strong></span> <span class='ocrx_word' id='word_1_20' title='bbox 1717 658 2184 720; x_wconf 79' lang='lat' dir='ltr'><strong>contrarietate.</strong></span> <span class='ocrx_word' id='word_1_21' title='bbox 2230 693 2320 706; x_wconf 93' lang='lat'><strong>--</strong></span> <span class='ocrx_word' id='word_1_22' title='bbox 2356 656 2488 720; x_wconf 68' lang='lat'><strong>⁶18</strong></span> <span class='ocrx_word' id='word_1_23' title='bbox 2532 654 2804 720; x_wconf 86' lang='grc' dir='ltr'><strong><em>ταῦτα</em></strong></span> 
     </span>
     <span class='ocr_line' id='line_1_4' title="bbox 583 755 2802 848; baseline -0.002 -22"><span class='ocrx_word' id='word_1_24' title='bbox 583 783 658 826; x_wconf 90' lang='lat' dir='ltr'><strong>ex</strong></span> <span class='ocrx_word' id='word_1_25' title='bbox 702 759 802 826; x_wconf 91' lang='lat' dir='ltr'><strong>ed.</strong></span> <span class='ocrx_word' id='word_1_26' title='bbox 849 760 995 825; x_wconf 83' lang='lat' dir='ltr'><strong>Ald.</strong></span> <span class='ocrx_word' id='word_1_27' title='bbox 1044 773 1109 826; x_wconf 89' lang='lat' dir='ltr'><strong>et</strong></span> <span class='ocrx_word' id='word_1_28' title='bbox 1151 763 1333 825; x_wconf 88' lang='lat' dir='ltr'><strong>Bess.</strong></span> <span class='ocrx_word' id='word_1_29' title='bbox 1380 763 1601 847; x_wconf 82' lang='lat' dir='ltr'><strong>scripsi</strong></span> <span class='ocrx_word' id='word_1_30' title='bbox 1647 781 1766 846; x_wconf 90' lang='lat' dir='ltr'><strong>pro</strong></span> <span class='ocrx_word' id='word_1_31' title='bbox 1812 759 1987 848; x_wconf 80' lang='lat' dir='ltr'><strong>vulg.</strong></span> <span class='ocrx_word' id='word_1_32' title='bbox 2032 755 2266 825; x_wconf 79' lang='grc' dir='ltr'><strong>ταύτά.</strong></span> <span class='ocrx_word' id='word_1_33' title='bbox 2340 760 2572 845; x_wconf 81' lang='lat' dir='ltr'><strong>Neque</strong></span> <span class='ocrx_word' id='word_1_34' title='bbox 2621 761 2802 823; x_wconf 85' lang='lat' dir='ltr'><strong>enim</strong></span> 
     </span>
     <span class='ocr_line' id='line_1_5' title="bbox 579 861 2802 950; baseline -0.001 -21"><span class='ocrx_word' id='word_1_35' title='bbox 579 865 707 929; x_wconf 86' lang='lat' dir='ltr'><strong>hoc</strong></span> <span class='ocrx_word' id='word_1_36' title='bbox 750 876 968 950; x_wconf 91' lang='lat' dir='ltr'><strong>potest</strong></span> <span class='ocrx_word' id='word_1_37' title='bbox 996 862 1373 930; x_wconf 85' lang='lat' dir='ltr'><strong>Aristoteles</strong></span> <span class='ocrx_word' id='word_1_38' title='bbox 1419 862 1650 941; x_wconf 89' lang='lat' dir='ltr'><strong>dicere,</strong></span> <span class='ocrx_word' id='word_1_39' title='bbox 1695 868 2012 928; x_wconf 85' lang='lat' dir='ltr'><strong>contraria</strong></span> <span class='ocrx_word' id='word_1_40' title='bbox 2056 863 2223 928; x_wconf 87' lang='lat' dir='ltr'><strong>idem</strong></span> <span class='ocrx_word' id='word_1_41' title='bbox 2271 883 2431 940; x_wconf 85' lang='lat' dir='ltr'><strong>esse,</strong></span> <span class='ocrx_word' id='word_1_42' title='bbox 2475 861 2593 927; x_wconf 89' lang='lat' dir='ltr'><strong>sed</strong></span> <span class='ocrx_word' id='word_1_43' title='bbox 2638 883 2802 927; x_wconf 76' lang='lat' dir='ltr'><strong>con-</strong></span> 
     </span>
     <span class='ocr_line' id='line_1_6' title="bbox 581 969 2799 1054; baseline -0.001 -22"><span class='ocrx_word' id='word_1_44' title='bbox 581 970 801 1046; x_wconf 81' lang='lat' dir='ltr'><strong>traria,</strong></span> <span class='ocrx_word' id='word_1_45' title='bbox 858 971 1155 1054; x_wconf 83' lang='lat' dir='ltr'><strong>quoniam</strong></span> <span class='ocrx_word' id='word_1_46' title='bbox 1204 988 1341 1031; x_wconf 88' lang='lat' dir='ltr'><strong>cum</strong></span> <span class='ocrx_word' id='word_1_47' title='bbox 1387 970 1648 1031; x_wconf 83' lang='lat' dir='ltr'><strong>materia</strong></span> <span class='ocrx_word' id='word_1_48' title='bbox 1694 971 2055 1032; x_wconf 88' lang='lat' dir='ltr'><strong>necessario</strong></span> <span class='ocrx_word' id='word_1_49' title='bbox 2104 969 2444 1032; x_wconf 81' lang='lat' dir='ltr'><strong>coniuncta</strong></span> <span class='ocrx_word' id='word_1_50' title='bbox 2490 974 2667 1043; x_wconf 87' lang='lat' dir='ltr'><strong>suut,</strong></span> <span class='ocrx_word' id='word_1_51' title='bbox 2717 986 2799 1029; x_wconf 88' lang='lat' dir='ltr'><strong>ex</strong></span> 
     </span>
     <span class='ocr_line' id='line_1_7' title="bbox 583 1067 2800 1158; baseline -0.002 -22"><span class='ocrx_word' id='word_1_52' title='bbox 583 1074 720 1136; x_wconf 89' lang='lat' dir='ltr'><strong>eius</strong></span> <span class='ocrx_word' id='word_1_53' title='bbox 757 1081 980 1137; x_wconf 83' lang='lat' dir='ltr'><strong>natura</strong></span> <span class='ocrx_word' id='word_1_54' title='bbox 1020 1070 1086 1136; x_wconf 90' lang='lat' dir='ltr'><strong>id</strong></span> <span class='ocrx_word' id='word_1_55' title='bbox 1118 1073 1322 1157; x_wconf 90' lang='lat' dir='ltr'><strong>ipsum</strong></span> <span class='ocrx_word' id='word_1_56' title='bbox 1352 1070 1605 1148; x_wconf 88' lang='lat' dir='ltr'><strong>habere,</strong></span> <span class='ocrx_word' id='word_1_57' title='bbox 1642 1081 1714 1135; x_wconf 89' lang='lat' dir='ltr'><strong>ut</strong></span> <span class='ocrx_word' id='word_1_58' title='bbox 1744 1075 2032 1158; x_wconf 82' lang='lat' dir='ltr'><strong>potentia</strong></span> <span class='ocrx_word' id='word_1_59' title='bbox 2064 1073 2192 1135; x_wconf 88' lang='lat' dir='ltr'><strong>sint</strong></span> <span class='ocrx_word' id='word_1_60' title='bbox 2223 1072 2568 1144; x_wconf 78' lang='lat' dir='ltr'><strong>contraria;</strong></span> <span class='ocrx_word' id='word_1_61' title='bbox 2592 1067 2800 1158; x_wconf 42' lang='lat' dir='ltr'><strong>,quod</strong></span> 
     </span>
     <span class='ocr_line' id='line_1_8' title="bbox 582 1171 2799 1262; baseline -0 -24"><span class='ocrx_word' id='word_1_62' title='bbox 582 1173 792 1239; x_wconf 89' lang='lat' dir='ltr'><strong>album</strong></span> <span class='ocrx_word' id='word_1_63' title='bbox 840 1185 939 1239; x_wconf 85' lang='lat' dir='ltr'><strong>est</strong></span> <span class='ocrx_word' id='word_1_64' title='bbox 981 1185 1141 1253; x_wconf 82' lang='lat' dir='ltr'><strong>actu,</strong></span> <span class='ocrx_word' id='word_1_65' title='bbox 1186 1173 1353 1238; x_wconf 90' lang='lat' dir='ltr'><strong>idem</strong></span> <span class='ocrx_word' id='word_1_66' title='bbox 1397 1176 1648 1260; x_wconf 82' lang='lat' dir='ltr'><strong>nigrum</strong></span> <span class='ocrx_word' id='word_1_67' title='bbox 1689 1185 1786 1240; x_wconf 89' lang='lat' dir='ltr'><strong>est</strong></span> <span class='ocrx_word' id='word_1_68' title='bbox 1818 1178 2107 1262; x_wconf 84' lang='lat' dir='ltr'><strong>potentia</strong></span> <span class='ocrx_word' id='word_1_69' title='bbox 2149 1195 2228 1238; x_wconf 88' lang='lat' dir='ltr'><strong>ac</strong></span> <span class='ocrx_word' id='word_1_70' title='bbox 2261 1176 2402 1237; x_wconf 86' lang='lat' dir='ltr'><strong>vice</strong></span> <span class='ocrx_word' id='word_1_71' title='bbox 2439 1192 2642 1237; x_wconf 83' lang='lat' dir='ltr'><strong>versa.</strong></span> <span class='ocrx_word' id='word_1_72' title='bbox 2715 1171 2799 1237; x_wconf 88' lang='lat' dir='ltr'><strong>Id</strong></span> 
     </span>
     <span class='ocr_line' id='line_1_9' title="bbox 581 1273 2798 1366; baseline -0.001 -24"><span class='ocrx_word' id='word_1_73' title='bbox 581 1289 792 1343; x_wconf 89' lang='lat' dir='ltr'><strong>autem</strong></span> <span class='ocrx_word' id='word_1_74' title='bbox 838 1277 1155 1366; x_wconf 80' lang='lat' dir='ltr'><strong>significat</strong></span> <span class='ocrx_word' id='word_1_75' title='bbox 1198 1298 1384 1364; x_wconf 90' lang='lat' dir='ltr'><strong>pron.</strong></span> <span class='ocrx_word' id='word_1_76' title='bbox 1429 1279 1658 1356; x_wconf 87' lang='grc' dir='ltr'><strong><em>ταῦτα,</em></strong></span> <span class='ocrx_word' id='word_1_77' title='bbox 1703 1277 1879 1364; x_wconf 90' lang='lat' dir='ltr'><strong>quod</strong></span> <span class='ocrx_word' id='word_1_78' title='bbox 1922 1300 2040 1364; x_wconf 89' lang='lat' dir='ltr'><strong>per</strong></span> <span class='ocrx_word' id='word_1_79' title='bbox 2079 1278 2349 1343; x_wconf 72' lang='grc' dir='ltr'><strong><em>ἐναντία</em></strong></span> <span class='ocrx_word' id='word_1_80' title='bbox 2385 1286 2561 1341; x_wconf 88' lang='lat' dir='ltr'><strong>recte</strong></span> <span class='ocrx_word' id='word_1_81' title='bbox 2598 1273 2798 1361; x_wconf 84' lang='lat' dir='ltr'><strong>expli-</strong></span> 
     </span>
     <span class='ocr_line' id='line_1_10' title="bbox 582 1374 2797 1469; baseline -0 -24"><span class='ocrx_word' id='word_1_82' title='bbox 582 1384 713 1445; x_wconf 84' lang='lat' dir='ltr'><strong>cuit</strong></span> <span class='ocrx_word' id='word_1_83' title='bbox 745 1381 1108 1447; x_wconf 81' lang='lat' dir='ltr'><strong>Alexander</strong></span> <span class='ocrx_word' id='word_1_84' title='bbox 1146 1404 1209 1467; x_wconf 89' lang='lat' dir='ltr'><strong>p.</strong></span> <span class='ocrx_word' id='word_1_85' title='bbox 1233 1382 1381 1459; x_wconf 84' lang='lat'><strong>695,</strong></span> <span class='ocrx_word' id='word_1_86' title='bbox 1410 1379 1528 1444; x_wconf 80' lang='lat'><strong>29:</strong></span> <span class='ocrx_word' id='word_1_87' title='bbox 1572 1375 1794 1446; x_wconf 81' lang='grc' dir='ltr'><strong><em>πάντα</em></strong></span> <span class='ocrx_word' id='word_1_88' title='bbox 1838 1376 1969 1469; x_wconf 73' lang='grc' dir='ltr'><strong>γὰρ</strong></span> <span class='ocrx_word' id='word_1_89' title='bbox 2012 1376 2098 1446; x_wconf 74' lang='grc' dir='ltr'><strong>τὰ</strong></span> <span class='ocrx_word' id='word_1_90' title='bbox 2142 1381 2411 1445; x_wconf 71' lang='grc' dir='ltr'><strong><em>ἐναντία</em></strong></span> <span class='ocrx_word' id='word_1_91' title='bbox 2454 1374 2620 1460; x_wconf 83' lang='grc' dir='ltr'><strong><em>ὕλην</em></strong></span> <span class='ocrx_word' id='word_1_92' title='bbox 2663 1380 2797 1464; x_wconf 67' lang='grc' dir='ltr'><strong><em>ἔχει</em></strong></span> 
     </span>
     <span class='ocr_line' id='line_1_11' title="bbox 580 1478 2796 1576; baseline 0 -28"><span class='ocrx_word' id='word_1_93' title='bbox 580 1485 694 1550; x_wconf 87' lang='grc' dir='ltr'><strong>καὶ</strong></span> <span class='ocrx_word' id='word_1_94' title='bbox 750 1488 823 1550; x_wconf 71' lang='grc' dir='ltr'><strong><em>ἐν</em></strong></span> <span class='ocrx_word' id='word_1_95' title='bbox 879 1480 1002 1576; x_wconf 77' lang='grc' dir='ltr'><strong>ὕλῃ</strong></span> <span class='ocrx_word' id='word_1_96' title='bbox 1055 1487 1192 1550; x_wconf 72' lang='grc' dir='ltr'><strong><em>ἐστὶ</em></strong></span> <span class='ocrx_word' id='word_1_97' title='bbox 1248 1485 1360 1549; x_wconf 86' lang='grc' dir='ltr'><strong>καὶ</strong></span> <span class='ocrx_word' id='word_1_98' title='bbox 1404 1478 1677 1567; x_wconf 76' lang='grc' dir='ltr'><strong><em>δυνάμει</em></strong></span> <span class='ocrx_word' id='word_1_99' title='bbox 1720 1486 1860 1551; x_wconf 77' lang='grc' dir='ltr'><strong><em>ἐστὶ</em></strong></span> <span class='ocrx_word' id='word_1_100' title='bbox 1901 1479 1992 1550; x_wconf 85' lang='grc' dir='ltr'><strong>τὸ</strong></span> <span class='ocrx_word' id='word_1_101' title='bbox 2038 1484 2445 1548; x_wconf 71' lang='grc' dir='ltr'><strong><em>ἐναντίον.</em></strong></span> <span class='ocrx_word' id='word_1_102' title='bbox 2494 1520 2576 1535; x_wconf 92' lang='grc'><strong>-</strong></span> <span class='ocrx_word' id='word_1_103' title='bbox 2634 1484 2796 1548; x_wconf 87' lang='lat' dir='ltr'><strong>Pro-</strong></span> 
     </span>
     <span class='ocr_line' id='line_1_12' title="bbox 580 1581 2793 1670; baseline 0.001 -19"><span class='ocrx_word' id='word_1_104' title='bbox 580 1590 742 1652; x_wconf 81' lang='lat' dir='ltr'><strong>xima</strong></span> <span class='ocrx_word' id='word_1_105' title='bbox 800 1598 1009 1653; x_wconf 90' lang='lat' dir='ltr'><strong>autem</strong></span> <span class='ocrx_word' id='word_1_106' title='bbox 1065 1588 1291 1653; x_wconf 84' lang='lat' dir='ltr'><strong>verba:</strong></span> <span class='ocrx_word' id='word_1_107' title='bbox 1354 1582 1395 1666; x_wconf 86' lang='grc' dir='ltr'>ἡ</span> <span class='ocrx_word' id='word_1_108' title='bbox 1452 1587 1521 1652; x_wconf 80' lang='grc' dir='ltr'><strong>δὲ</strong></span> <span class='ocrx_word' id='word_1_109' title='bbox 1577 1589 1848 1653; x_wconf 74' lang='grc' dir='ltr'><strong><em>ἐναντία</em></strong></span> <span class='ocrx_word' id='word_1_110' title='bbox 1906 1584 2146 1670; x_wconf 74' lang='grc' dir='ltr'><strong><em>ἄγνοια</em></strong></span> <span class='ocrx_word' id='word_1_111' title='bbox 2204 1590 2294 1662; x_wconf 75' lang='grc' dir='ltr'><strong>εὶς</strong></span> <span class='ocrx_word' id='word_1_112' title='bbox 2347 1581 2427 1670; x_wconf 77' lang='grc' dir='ltr'><strong>τὸ</strong></span> <span class='ocrx_word' id='word_1_113' title='bbox 2470 1588 2793 1665; x_wconf 80' lang='grc' dir='ltr'><strong><em>ἐναντίον,</em></strong></span> 
     </span>
     <span class='ocr_line' id='line_1_13' title="bbox 582 1689 2793 1777; baseline -0.001 -21"><span class='ocrx_word' id='word_1_114' title='bbox 582 1691 910 1776; x_wconf 88' lang='lat' dir='ltr'><strong>quomodo</strong></span> <span class='ocrx_word' id='word_1_115' title='bbox 967 1691 1076 1755; x_wconf 87' lang='lat' dir='ltr'><strong>vel</strong></span> <span class='ocrx_word' id='word_1_116' title='bbox 1131 1689 1435 1777; x_wconf 84' lang='lat' dir='ltr'><strong>explicem</strong></span> <span class='ocrx_word' id='word_1_117' title='bbox 1491 1689 1598 1755; x_wconf 85' lang='lat' dir='ltr'><strong>vel</strong></span> <span class='ocrx_word' id='word_1_118' title='bbox 1656 1689 1986 1755; x_wconf 85' lang='lat' dir='ltr'><strong>emendem</strong></span> <span class='ocrx_word' id='word_1_119' title='bbox 2043 1711 2176 1755; x_wconf 90' lang='lat' dir='ltr'><strong>non</strong></span> <span class='ocrx_word' id='word_1_120' title='bbox 2226 1689 2457 1755; x_wconf 84' lang='lat' dir='ltr'><strong>habeo.</strong></span> <span class='ocrx_word' id='word_1_121' title='bbox 2548 1689 2793 1757; x_wconf 81' lang='lat' dir='ltr'><strong>Confe-</strong></span> 
     </span>
     <span class='ocr_line' id='line_1_14' title="bbox 580 1789 2791 1882; baseline -0 -23"><span class='ocrx_word' id='word_1_122' title='bbox 580 1795 783 1861; x_wconf 84' lang='lat' dir='ltr'><strong>renda</strong></span> <span class='ocrx_word' id='word_1_123' title='bbox 829 1793 1082 1882; x_wconf 87' lang='lat' dir='ltr'><strong>quidem</strong></span> <span class='ocrx_word' id='word_1_124' title='bbox 1128 1792 1426 1858; x_wconf 83' lang='lat' dir='ltr'><strong>videntur</strong></span> <span class='ocrx_word' id='word_1_125' title='bbox 1462 1815 1625 1879; x_wconf 86' lang='lat' dir='ltr'><strong>quae</strong></span> <span class='ocrx_word' id='word_1_126' title='bbox 1666 1792 1818 1859; x_wconf 87' lang='lat' dir='ltr'><strong>dicit</strong></span> <span class='ocrx_word' id='word_1_127' title='bbox 1849 1796 1954 1859; x_wconf 85' lang='lat' dir='ltr'><strong>Ar.</strong></span> <span class='ocrx_word' id='word_1_128' title='bbox 2002 1794 2061 1859; x_wconf 83' lang='grc' dir='ltr'><em>θ</em></span> <span class='ocrx_word' id='word_1_129' title='bbox 2092 1797 2195 1860; x_wconf 88' lang='lat' dir='ltr'><strong>lo.</strong></span> <span class='ocrx_word' id='word_1_130' title='bbox 2230 1796 2436 1859; x_wconf 58' lang='lat'>1⁰51»</span> <span class='ocrx_word' id='word_1_131' title='bbox 2458 1795 2564 1874; x_wconf 85' lang='grc'><strong>30,</strong></span> <span class='ocrx_word' id='word_1_132' title='bbox 2607 1789 2699 1859; x_wconf 70' lang='lat' dir='ltr'><strong>iis&#39;</strong></span> <span class='ocrx_word' id='word_1_133' title='bbox 2724 1798 2791 1859; x_wconf 92' lang='lat' dir='ltr'><strong>in</strong></span> 
     </span>
     <span class='ocr_line' id='line_1_15' title="bbox 580 1893 2790 1986; baseline -0.001 -23"><span class='ocrx_word' id='word_1_134' title='bbox 580 1899 806 1978; x_wconf 88' lang='lat' dir='ltr'><strong>rebus,</strong></span> <span class='ocrx_word' id='word_1_135' title='bbox 849 1921 1012 1986; x_wconf 80' lang='lat' dir='ltr'><strong>quae</strong></span> <span class='ocrx_word' id='word_1_136' title='bbox 1057 1908 1207 1963; x_wconf 89' lang='lat' dir='ltr'><strong>sunt</strong></span> <span class='ocrx_word' id='word_1_137' title='bbox 1249 1893 1409 1982; x_wconf 82' lang='grc' dir='ltr'><strong><em>ὅπερ</em></strong></span> <span class='ocrx_word' id='word_1_138' title='bbox 1455 1894 1626 1964; x_wconf 79' lang='grc' dir='ltr'><strong><em>εἶναι’</em></strong></span> <span class='ocrx_word' id='word_1_139' title='bbox 1667 1920 1733 1962; x_wconf 83' lang='grc' dir='ltr'><strong><em>τι</em></strong></span> <span class='ocrx_word' id='word_1_140' title='bbox 1773 1898 1886 1962; x_wconf 86' lang='grc' dir='ltr'><strong>καὶ</strong></span> <span class='ocrx_word' id='word_1_141' title='bbox 1930 1899 2252 1985; x_wconf 74' lang='grc' dir='ltr'><strong><em>ἐνεργείᾳ,</em></strong></span> <span class='ocrx_word' id='word_1_142' title='bbox 2306 1900 2609 1962; x_wconf 73' lang='lat' dir='ltr'><strong>scientiae</strong></span> <span class='ocrx_word' id='word_1_143' title='bbox 2654 1918 2790 1962; x_wconf 92' lang='lat' dir='ltr'><strong>non</strong></span> 
     </span>
     <span class='ocr_line' id='line_1_16' title="bbox 582 1995 2790 2124; baseline -0.002 -56"><span class='ocrx_word' id='word_1_144' title='bbox 582 2006 831 2124; x_wconf 81' lang='lat' dir='ltr'><strong>opponi</strong></span> <span class='ocrx_word' id='word_1_145' title='bbox 868 2023 1167 2082; x_wconf 88' lang='lat' dir='ltr'><strong>errorem,</strong></span> <span class='ocrx_word' id='word_1_146' title='bbox 1205 1999 1321 2065; x_wconf 88' lang='lat' dir='ltr'><strong>sed</strong></span> <span class='ocrx_word' id='word_1_147' title='bbox 1357 2003 1694 2066; x_wconf 83' lang='lat' dir='ltr'><strong>inscitiam:</strong></span> <span class='ocrx_word' id='word_1_148' title='bbox 1741 1995 1817 2066; x_wconf 89' lang='grc' dir='ltr'><strong>τὸ</strong></span> <span class='ocrx_word' id='word_1_149' title='bbox 1859 2002 1928 2067; x_wconf 74' lang='grc' dir='ltr'><strong>δὲ</strong></span> <span class='ocrx_word' id='word_1_150' title='bbox 1966 1997 2223 2081; x_wconf 77' lang='grc' dir='ltr'><em>ἀληθὲς</em></span> <span class='ocrx_word' id='word_1_151' title='bbox 2260 1996 2337 2067; x_wconf 88' lang='grc' dir='ltr'>τὸ</span> <span class='ocrx_word' id='word_1_152' title='bbox 2372 2007 2552 2067; x_wconf 79' lang='grc' dir='ltr'><strong><em>νοεῖν</em></strong></span> <span class='ocrx_word' id='word_1_153' title='bbox 2586 1995 2790 2065; x_wconf 77' lang='grc' dir='ltr'><strong><em>αὐτά·</em></strong></span> 
     </span>
     <span class='ocr_line' id='line_1_17' title="bbox 581 2098 2789 2196; baseline -0.001 -26"><span class='ocrx_word' id='word_1_154' title='bbox 581 2100 659 2170; x_wconf 86' lang='grc' dir='ltr'><strong>τὸ</strong></span> <span class='ocrx_word' id='word_1_155' title='bbox 704 2107 774 2171; x_wconf 83' lang='grc' dir='ltr'><strong>δὲ</strong></span> <span class='ocrx_word' id='word_1_156' title='bbox 819 2107 1065 2196; x_wconf 81' lang='grc' dir='ltr'><strong><em>ψεῦδος</em></strong></span> <span class='ocrx_word' id='word_1_157' title='bbox 1109 2101 1228 2170; x_wconf 72' lang='grc' dir='ltr'><strong>οὐκ</strong></span> <span class='ocrx_word' id='word_1_158' title='bbox 1272 2106 1469 2184; x_wconf 72' lang='grc' dir='ltr'><strong><em>ἔστιν,</em></strong></span> <span class='ocrx_word' id='word_1_159' title='bbox 1514 2103 1653 2171; x_wconf 78' lang='grc' dir='ltr'><strong>οὐδ’</strong></span> <span class='ocrx_word' id='word_1_160' title='bbox 1692 2100 1947 2184; x_wconf 79' lang='grc' dir='ltr'><strong>ἀπάτη,</strong></span> <span class='ocrx_word' id='word_1_161' title='bbox 1993 2101 2140 2170; x_wconf 74' lang='grc' dir='ltr'><strong>ἅλ’).</strong></span> <span class='ocrx_word' id='word_1_162' title='bbox 2181 2098 2440 2189; x_wconf 74' lang='grc' dir='ltr'><strong><em>ἄγνοια.</em></strong></span> <span class='ocrx_word' id='word_1_163' title='bbox 2530 2102 2661 2169; x_wconf 86' lang='lat' dir='ltr'><strong>Sed</strong></span> <span class='ocrx_word' id='word_1_164' title='bbox 2704 2106 2789 2167; x_wconf 85' lang='lat' dir='ltr'><strong>ita</strong></span> 
     </span>
     <span class='ocr_line' id='line_1_18' title="bbox 583 2206 2789 2312; baseline 0 -40"><span class='ocrx_word' id='word_1_165' title='bbox 583 2207 852 2273; x_wconf 84' lang='lat' dir='ltr'><strong>divinari</strong></span> <span class='ocrx_word' id='word_1_166' title='bbox 908 2208 1162 2312; x_wconf 90' lang='lat' dir='ltr'><strong>quidem</strong></span> <span class='ocrx_word' id='word_1_167' title='bbox 1215 2207 1524 2294; x_wconf 79' lang='lat' dir='ltr'><strong>quaedam</strong></span> <span class='ocrx_word' id='word_1_168' title='bbox 1569 2212 1883 2274; x_wconf 88' lang='lat' dir='ltr'><strong>sententia</strong></span> <span class='ocrx_word' id='word_1_169' title='bbox 1927 2217 2172 2295; x_wconf 90' lang='lat' dir='ltr'><strong>potest,</strong></span> <span class='ocrx_word' id='word_1_170' title='bbox 2228 2229 2365 2273; x_wconf 91' lang='lat' dir='ltr'><strong>non</strong></span> <span class='ocrx_word' id='word_1_171' title='bbox 2408 2210 2548 2293; x_wconf 87' lang='lat' dir='ltr'><strong>ipsa</strong></span> <span class='ocrx_word' id='word_1_172' title='bbox 2590 2206 2789 2272; x_wconf 84' lang='lat' dir='ltr'><strong>verba</strong></span> 
     </span>
     <span class='ocr_line' id='line_1_19' title="bbox 585 2309 2790 2398; baseline 0 -23"><span class='ocrx_word' id='word_1_173' title='bbox 585 2311 1006 2398; x_wconf 78' lang='lat' dir='ltr'><strong>explicantur3</strong></span> <span class='ocrx_word' id='word_1_174' title='bbox 1062 2334 1185 2378; x_wconf 87' lang='lat' dir='ltr'><strong>nec</strong></span> <span class='ocrx_word' id='word_1_175' title='bbox 1238 2333 1400 2398; x_wconf 90' lang='lat' dir='ltr'><strong>quae</strong></span> <span class='ocrx_word' id='word_1_176' title='bbox 1448 2309 1624 2376; x_wconf 85' lang='lat' dir='ltr'><strong>Alex.</strong></span> <span class='ocrx_word' id='word_1_177' title='bbox 1675 2323 1742 2378; x_wconf 90' lang='lat' dir='ltr'><strong>et</strong></span> <span class='ocrx_word' id='word_1_178' title='bbox 1783 2314 1994 2378; x_wconf 79' lang='lat' dir='ltr'><strong>Schw.</strong></span> <span class='ocrx_word' id='word_1_179' title='bbox 2050 2322 2532 2397; x_wconf 87' lang='lat' dir='ltr'><strong>proposuerunt</strong></span> <span class='ocrx_word' id='word_1_180' title='bbox 2556 2313 2648 2393; x_wconf 87' lang='lat'><strong>¹),</strong></span> <span class='ocrx_word' id='word_1_181' title='bbox 2705 2310 2790 2376; x_wconf 90' lang='lat' dir='ltr'><strong>ad</strong></span> 
     </span>
     <span class='ocr_line' id='line_1_20' title="bbox 582 2415 2000 2501; baseline 0.001 -23"><span class='ocrx_word' id='word_1_182' title='bbox 582 2416 1055 2501; x_wconf 82' lang='lat' dir='ltr'><strong>interpretanda</strong></span> <span class='ocrx_word' id='word_1_183' title='bbox 1099 2415 1298 2481; x_wconf 85' lang='lat' dir='ltr'><strong>verba</strong></span> <span class='ocrx_word' id='word_1_184' title='bbox 1341 2415 1641 2481; x_wconf 84' lang='lat' dir='ltr'><strong>videntur</strong></span> <span class='ocrx_word' id='word_1_185' title='bbox 1683 2415 2000 2480; x_wconf 84' lang='lat' dir='ltr'><strong>sufficere.</strong></span> 
     </span>
    </p>

    <p class='ocr_par' dir='ltr' id='par_1_3' title="bbox 529 2516 2793 3851">
     <span class='ocr_line' id='line_1_21' title="bbox 715 2516 2791 2606; baseline -0 -21"><span class='ocrx_word' id='word_1_186' title='bbox 715 2521 1060 2585; x_wconf 70' lang='lat'><strong>⁶24—36.</strong></span> <span class='ocrx_word' id='word_1_187' title='bbox 1133 2521 1372 2585; x_wconf 85' lang='lat' dir='ltr'><strong>Rerum</strong></span> <span class='ocrx_word' id='word_1_188' title='bbox 1408 2518 1797 2585; x_wconf 82' lang='lat' dir='ltr'><strong>sensibilium</strong></span> <span class='ocrx_word' id='word_1_189' title='bbox 1836 2529 1909 2584; x_wconf 90' lang='lat' dir='ltr'><strong>ut</strong></span> <span class='ocrx_word' id='word_1_190' title='bbox 1943 2516 2292 2606; x_wconf 81' lang='lat' dir='ltr'><strong>explicetur</strong></span> <span class='ocrx_word' id='word_1_191' title='bbox 2327 2520 2691 2584; x_wconf 83' lang='lat' dir='ltr'><strong>exsistentia</strong></span> <span class='ocrx_word' id='word_1_192' title='bbox 2726 2529 2791 2584; x_wconf 88' lang='lat' dir='ltr'><strong>et</strong></span> 
     </span>
     <span class='ocr_line' id='line_1_22' title="bbox 582 2623 2787 2711; baseline 0.001 -23"><span class='ocrx_word' id='word_1_193' title='bbox 582 2628 934 2711; x_wconf 81' lang='lat' dir='ltr'><strong>generatio,</strong></span> <span class='ocrx_word' id='word_1_194' title='bbox 977 2623 1345 2711; x_wconf 88' lang='lat' dir='ltr'><strong>ponendum</strong></span> <span class='ocrx_word' id='word_1_195' title='bbox 1389 2625 1687 2711; x_wconf 83' lang='lat' dir='ltr'><strong>profecto</strong></span> <span class='ocrx_word' id='word_1_196' title='bbox 1733 2634 2057 2689; x_wconf 84' lang='lat' dir='ltr'><strong>aeternum</strong></span> <span class='ocrx_word' id='word_1_197' title='bbox 2094 2624 2416 2710; x_wconf 79' lang='lat' dir='ltr'><strong>quidpiam</strong></span> <span class='ocrx_word' id='word_1_198' title='bbox 2454 2634 2566 2704; x_wconf 87' lang='lat' dir='ltr'><strong>est,</strong></span> <span class='ocrx_word' id='word_1_199' title='bbox 2613 2623 2787 2711; x_wconf 91' lang='lat' dir='ltr'><strong>quod</strong></span> 
     </span>
     <span class='ocr_line' id='line_1_23' title="bbox 529 2718 2784 2811; baseline 0.001 -21"><span class='ocrx_word' id='word_1_200' title='bbox 529 2718 540 2729; x_wconf 79' lang='grc'><strong>’</strong></span> <span class='ocrx_word' id='word_1_201' title='bbox 584 2728 670 2791; x_wconf 83' lang='lat' dir='ltr'><strong>sit</strong></span> <span class='ocrx_word' id='word_1_202' title='bbox 713 2737 965 2811; x_wconf 84' lang='lat' dir='ltr'><strong>praeter</strong></span> <span class='ocrx_word' id='word_1_203' title='bbox 1006 2750 1110 2793; x_wconf 83' lang='lat' dir='ltr'><strong>res</strong></span> <span class='ocrx_word' id='word_1_204' title='bbox 1153 2728 1492 2794; x_wconf 84' lang='lat' dir='ltr'><strong>sensibiles</strong></span> <span class='ocrx_word' id='word_1_205' title='bbox 1539 2730 1660 2810; x_wconf 85' lang='lat' dir='ltr'><strong>(cf.</strong></span> <span class='ocrx_word' id='word_1_206' title='bbox 1698 2729 1765 2793; x_wconf 92' lang='lat' dir='ltr'><em>B</em></span> <span class='ocrx_word' id='word_1_207' title='bbox 1799 2729 1859 2792; x_wconf 87' lang='grc'><strong>4.</strong></span> <span class='ocrx_word' id='word_1_208' title='bbox 1902 2729 2064 2793; x_wconf 78' lang='grc' dir='ltr'><strong>999ὸ</strong></span> <span class='ocrx_word' id='word_1_209' title='bbox 2087 2730 2148 2792; x_wconf 92' lang='grc'><strong>5.</strong></span> <span class='ocrx_word' id='word_1_210' title='bbox 2194 2727 2264 2792; x_wconf 90' lang='lat' dir='ltr'><strong><em>K</em></strong></span> <span class='ocrx_word' id='word_1_211' title='bbox 2292 2730 2355 2793; x_wconf 81' lang='lat'><strong>2.</strong></span> <span class='ocrx_word' id='word_1_212' title='bbox 2397 2730 2607 2793; x_wconf 68' lang='lat'>1060«</span> <span class='ocrx_word' id='word_1_213' title='bbox 2631 2730 2784 2807; x_wconf 82' lang='lat'><strong>26);</strong></span> 
     </span>
     <span class='ocr_line' id='line_1_24' title="bbox 587 2829 2790 2918; baseline 0 -24"><span class='ocrx_word' id='word_1_214' title='bbox 587 2829 762 2915; x_wconf 87' lang='lat' dir='ltr'><strong>quod</strong></span> <span class='ocrx_word' id='word_1_215' title='bbox 790 2834 915 2896; x_wconf 90' lang='lat' dir='ltr'><strong>nisi</strong></span> <span class='ocrx_word' id='word_1_216' title='bbox 943 2835 1358 2918; x_wconf 85' lang='lat' dir='ltr'><strong>posuerimus,</strong></span> <span class='ocrx_word' id='word_1_217' title='bbox 1386 2833 1551 2898; x_wconf 88' lang='lat' dir='ltr'><strong>ordo</strong></span> <span class='ocrx_word' id='word_1_218' title='bbox 1581 2834 1860 2897; x_wconf 85' lang='lat' dir='ltr'><strong>universi</strong></span> <span class='ocrx_word' id='word_1_219' title='bbox 1885 2830 2102 2896; x_wconf 89' lang='lat' dir='ltr'><strong>mundi</strong></span> <span class='ocrx_word' id='word_1_220' title='bbox 2130 2830 2238 2911; x_wconf 85' lang='lat' dir='ltr'><strong>(cf.</strong></span> <span class='ocrx_word' id='word_1_221' title='bbox 2270 2833 2478 2897; x_wconf 77' lang='lat' dir='ltr'>1075a</span> <span class='ocrx_word' id='word_1_222' title='bbox 2500 2833 2790 2911; x_wconf 81' lang='lat'>11—25)</span> 
     </span>
     <span class='ocr_line' id='line_1_25' title="bbox 591 2932 2793 3022; baseline 0 -24"><span class='ocrx_word' id='word_1_223' title='bbox 591 2944 658 2998; x_wconf 90' lang='lat' dir='ltr'><strong>et</strong></span> <span class='ocrx_word' id='word_1_224' title='bbox 700 2944 958 3000; x_wconf 88' lang='lat' dir='ltr'><strong>aeterna</strong></span> <span class='ocrx_word' id='word_1_225' title='bbox 1003 2936 1279 3001; x_wconf 87' lang='lat' dir='ltr'><strong>siderum</strong></span> <span class='ocrx_word' id='word_1_226' title='bbox 1324 2944 1547 3001; x_wconf 86' lang='lat' dir='ltr'><strong>natura</strong></span> <span class='ocrx_word' id='word_1_227' title='bbox 1596 2933 1894 3022; x_wconf 82' lang='lat' dir='ltr'><strong>explicari</strong></span> <span class='ocrx_word' id='word_1_228' title='bbox 1939 2937 2189 3020; x_wconf 88' lang='lat' dir='ltr'><strong>nequit,</strong></span> <span class='ocrx_word' id='word_1_229' title='bbox 2241 2932 2355 2998; x_wconf 87' lang='lat' dir='ltr'><strong>sed</strong></span> <span class='ocrx_word' id='word_1_230' title='bbox 2400 2933 2672 3020; x_wconf 88' lang='lat' dir='ltr'><strong>perinde</strong></span> <span class='ocrx_word' id='word_1_231' title='bbox 2716 2956 2793 2999; x_wconf 86' lang='lat' dir='ltr'><strong>ac</strong></span> 
     </span>
     <span class='ocr_line' id='line_1_26' title="bbox 587 3035 2788 3126; baseline 0 -24"><span class='ocrx_word' id='word_1_232' title='bbox 587 3036 882 3126; x_wconf 81' lang='lat' dir='ltr'><strong>theologi</strong></span> <span class='ocrx_word' id='word_1_233' title='bbox 927 3048 991 3103; x_wconf 89' lang='lat' dir='ltr'><strong>et</strong></span> <span class='ocrx_word' id='word_1_234' title='bbox 1034 3038 1444 3125; x_wconf 80' lang='lat' dir='ltr'><strong>physicorum</strong></span> <span class='ocrx_word' id='word_1_235' title='bbox 1490 3037 1769 3123; x_wconf 88' lang='lat' dir='ltr'><strong>plurimi,</strong></span> <span class='ocrx_word' id='word_1_236' title='bbox 1827 3041 1935 3123; x_wconf 89' lang='lat' dir='ltr'><strong>qui</strong></span> <span class='ocrx_word' id='word_1_237' title='bbox 1990 3035 2384 3102; x_wconf 84' lang='lat' dir='ltr'><strong>indefinitam</strong></span> <span class='ocrx_word' id='word_1_238' title='bbox 2436 3042 2788 3123; x_wconf 82' lang='lat' dir='ltr'><strong>potentiam</strong></span> 
     </span>
     <span class='ocr_line' id='line_1_27' title="bbox 584 3139 2790 3228; baseline 0.001 -23"><span class='ocrx_word' id='word_1_239' title='bbox 584 3144 653 3205; x_wconf 89' lang='lat' dir='ltr'><strong>in</strong></span> <span class='ocrx_word' id='word_1_240' title='bbox 699 3144 1016 3227; x_wconf 90' lang='lat' dir='ltr'><strong>principio</strong></span> <span class='ocrx_word' id='word_1_241' title='bbox 1062 3150 1421 3226; x_wconf 87' lang='lat' dir='ltr'><strong>posuerunt</strong></span> <span class='ocrx_word' id='word_1_242' title='bbox 1467 3139 1586 3222; x_wconf 79' lang='lat' dir='ltr'><strong>(cf.</strong></span> <span class='ocrx_word' id='word_1_243' title='bbox 1620 3143 1681 3206; x_wconf 84' lang='lat'><strong>6.</strong></span> <span class='ocrx_word' id='word_1_244' title='bbox 1716 3143 2049 3207; x_wconf 78' lang='lat' dir='ltr'><strong>1⁰71b26.</strong></span> <span class='ocrx_word' id='word_1_245' title='bbox 2108 3143 2168 3205; x_wconf 84' lang='lat'><strong>7.</strong></span> <span class='ocrx_word' id='word_1_246' title='bbox 2209 3141 2417 3207; x_wconf 69' lang='lat'><strong>1072«</strong></span> <span class='ocrx_word' id='word_1_247' title='bbox 2445 3143 2588 3221; x_wconf 87' lang='grc'><strong>19),</strong></span> <span class='ocrx_word' id='word_1_248' title='bbox 2633 3162 2790 3228; x_wconf 87' lang='lat' dir='ltr'><strong>quo·</strong></span> 
     </span>
     <span class='ocr_line' id='line_1_28' title="bbox 583 3243 2790 3330; baseline 0.001 -21"><span class='ocrx_word' id='word_1_249' title='bbox 583 3246 753 3309; x_wconf 88' lang='lat' dir='ltr'><strong>niam</strong></span> <span class='ocrx_word' id='word_1_250' title='bbox 799 3246 1087 3329; x_wconf 86' lang='lat' dir='ltr'><strong>potentia</strong></span> <span class='ocrx_word' id='word_1_251' title='bbox 1133 3255 1205 3308; x_wconf 91' lang='lat' dir='ltr'><strong>ut</strong></span> <span class='ocrx_word' id='word_1_252' title='bbox 1247 3253 1526 3308; x_wconf 88' lang='lat' dir='ltr'><strong>transeat</strong></span> <span class='ocrx_word' id='word_1_253' title='bbox 1570 3243 1649 3307; x_wconf 86' lang='lat' dir='ltr'><strong>ad</strong></span> <span class='ocrx_word' id='word_1_254' title='bbox 1696 3254 1901 3309; x_wconf 84' lang='lat' dir='ltr'><strong>actum</strong></span> <span class='ocrx_word' id='word_1_255' title='bbox 1947 3244 2131 3309; x_wconf 84' lang='lat' dir='ltr'><strong>aliam</strong></span> <span class='ocrx_word' id='word_1_256' title='bbox 2173 3265 2305 3310; x_wconf 89' lang='lat' dir='ltr'><strong>rem</strong></span> <span class='ocrx_word' id='word_1_257' title='bbox 2350 3247 2613 3330; x_wconf 86' lang='lat' dir='ltr'><strong>requirit</strong></span> <span class='ocrx_word' id='word_1_258' title='bbox 2647 3255 2790 3311; x_wconf 83' lang='lat' dir='ltr'><strong>actu</strong></span> 
     </span>
     <span class='ocr_line' id='line_1_29' title="bbox 587 3346 2791 3435; baseline 0.002 -24"><span class='ocrx_word' id='word_1_259' title='bbox 587 3349 1007 3425; x_wconf 86' lang='lat' dir='ltr'><strong>exsistentem,</strong></span> <span class='ocrx_word' id='word_1_260' title='bbox 1054 3348 1134 3412; x_wconf 80' lang='lat' dir='ltr'><strong>ab</strong></span> <span class='ocrx_word' id='word_1_261' title='bbox 1172 3346 1374 3413; x_wconf 87' lang='lat' dir='ltr'><strong>altero</strong></span> <span class='ocrx_word' id='word_1_262' title='bbox 1408 3350 1725 3435; x_wconf 88' lang='lat' dir='ltr'><strong>principio</strong></span> <span class='ocrx_word' id='word_1_263' title='bbox 1761 3347 1843 3413; x_wconf 91' lang='lat' dir='ltr'><strong>ad</strong></span> <span class='ocrx_word' id='word_1_264' title='bbox 1879 3348 2141 3413; x_wconf 88' lang='lat' dir='ltr'><strong>alterum</strong></span> <span class='ocrx_word' id='word_1_265' title='bbox 2172 3369 2373 3433; x_wconf 86' lang='lat' dir='ltr'><strong>usque</strong></span> <span class='ocrx_word' id='word_1_266' title='bbox 2401 3346 2612 3417; x_wconf 89' lang='lat' dir='ltr'><strong>redire</strong></span> <span class='ocrx_word' id='word_1_267' title='bbox 2645 3346 2791 3429; x_wconf 80' lang='grc' dir='ltr'>(ἀεὶ</span> 
     </span>
     <span class='ocr_line' id='line_1_30' title="bbox 587 3553 2789 3644; baseline 0 -24"><span class='ocrx_word' id='word_1_268' title='bbox 587 3556 671 3620; x_wconf 85' lang='lat' dir='ltr'><strong>At</strong></span> <span class='ocrx_word' id='word_1_269' title='bbox 716 3576 846 3620; x_wconf 93' lang='lat' dir='ltr'><strong>non</strong></span> <span class='ocrx_word' id='word_1_270' title='bbox 895 3553 1137 3620; x_wconf 87' lang='lat' dir='ltr'><strong>debent</strong></span> <span class='ocrx_word' id='word_1_271' title='bbox 1178 3567 1524 3643; x_wconf 81' lang='lat' dir='ltr'><strong>propterea</strong></span> <span class='ocrx_word' id='word_1_272' title='bbox 1580 3555 1684 3621; x_wconf 84' lang='lat' dir='ltr'><strong>vel</strong></span> <span class='ocrx_word' id='word_1_273' title='bbox 1730 3554 1912 3621; x_wconf 78' lang='lat' dir='ltr'><strong>ideae</strong></span> <span class='ocrx_word' id='word_1_274' title='bbox 1955 3555 2061 3621; x_wconf 83' lang='lat' dir='ltr'><strong>vel</strong></span> <span class='ocrx_word' id='word_1_275' title='bbox 2105 3560 2347 3621; x_wconf 87' lang='lat' dir='ltr'><strong>numeri</strong></span> <span class='ocrx_word' id='word_1_276' title='bbox 2394 3578 2514 3643; x_wconf 91' lang='lat' dir='ltr'><strong>pro</strong></span> <span class='ocrx_word' id='word_1_277' title='bbox 2560 3560 2789 3644; x_wconf 87' lang='lat' dir='ltr'><strong>princi-</strong></span> 
     </span>
     <span class='ocr_line' id='line_1_31' title="bbox 584 3657 2788 3746; baseline 0.001 -23"><span class='ocrx_word' id='word_1_278' title='bbox 584 3660 708 3746; x_wconf 90' lang='lat' dir='ltr'><strong>piis</strong></span> <span class='ocrx_word' id='word_1_279' title='bbox 753 3662 1024 3724; x_wconf 83' lang='lat' dir='ltr'><strong>aeternis</strong></span> <span class='ocrx_word' id='word_1_280' title='bbox 1057 3663 1233 3746; x_wconf 91' lang='lat' dir='ltr'><strong>poni.</strong></span> <span class='ocrx_word' id='word_1_281' title='bbox 1305 3662 1398 3725; x_wconf 87' lang='lat' dir='ltr'><strong>Ea</strong></span> <span class='ocrx_word' id='word_1_282' title='bbox 1436 3663 1602 3726; x_wconf 91' lang='lat' dir='ltr'><strong>enim</strong></span> <span class='ocrx_word' id='word_1_283' title='bbox 1637 3657 1743 3724; x_wconf 84' lang='lat' dir='ltr'><strong>vel</strong></span> <span class='ocrx_word' id='word_1_284' title='bbox 1778 3659 2012 3724; x_wconf 89' lang='lat' dir='ltr'><strong>nullius</strong></span> <span class='ocrx_word' id='word_1_285' title='bbox 2048 3662 2311 3725; x_wconf 90' lang='lat' dir='ltr'><strong>omnino</strong></span> <span class='ocrx_word' id='word_1_286' title='bbox 2347 3663 2441 3724; x_wconf 87' lang='lat' dir='ltr'><strong>rei</strong></span> <span class='ocrx_word' id='word_1_287' title='bbox 2474 3658 2581 3725; x_wconf 83' lang='lat' dir='ltr'><strong>vel</strong></span> <span class='ocrx_word' id='word_1_288' title='bbox 2617 3670 2788 3725; x_wconf 89' lang='lat' dir='ltr'><strong>certe</strong></span> 
     </span>
     <span class='ocr_line' id='line_1_32' title="bbox 583 3762 2787 3851; baseline 0.001 -24"><span class='ocrx_word' id='word_1_289' title='bbox 583 3773 796 3828; x_wconf 89' lang='lat' dir='ltr'><strong>motus</strong></span> <span class='ocrx_word' id='word_1_290' title='bbox 833 3783 1019 3829; x_wconf 77' lang='lat' dir='ltr'><strong>causa</strong></span> <span class='ocrx_word' id='word_1_291' title='bbox 1057 3785 1200 3830; x_wconf 90' lang='lat' dir='ltr'><strong>esse</strong></span> <span class='ocrx_word' id='word_1_292' title='bbox 1237 3785 1370 3829; x_wconf 93' lang='lat' dir='ltr'><strong>non</strong></span> <span class='ocrx_word' id='word_1_293' title='bbox 1409 3774 1698 3851; x_wconf 88' lang='lat' dir='ltr'><strong>possunt,</strong></span> <span class='ocrx_word' id='word_1_294' title='bbox 1744 3762 1821 3828; x_wconf 75' lang='lat' dir='ltr'><strong>cf.</strong></span> <span class='ocrx_word' id='word_1_295' title='bbox 1859 3762 1941 3828; x_wconf 82' lang='lat' dir='ltr'><strong>ad</strong></span> <span class='ocrx_word' id='word_1_296' title='bbox 1976 3766 2137 3842; x_wconf 75' lang='lat' dir='ltr'><strong>b19;</strong></span> <span class='ocrx_word' id='word_1_297' title='bbox 2180 3776 2507 3851; x_wconf 83' lang='lat' dir='ltr'><strong>praeterea</strong></span> <span class='ocrx_word' id='word_1_298' title='bbox 2542 3766 2787 3830; x_wconf 88' lang='lat' dir='ltr'><strong>numeri</strong></span> 
     </span>
    </p>
   </div>
   <div class='ocr_carea' id='block_1_3' title="bbox 571 3985 2794 4578">
    <p class='ocr_par' dir='ltr' id='par_1_4' title="bbox 571 3985 2794 4578">
     <span class='ocr_line' id='line_1_33' title="bbox 695 3985 2789 4068; baseline -0 -21"><span class='ocrx_word' id='word_1_299' title='bbox 695 3985 758 4053; x_wconf 88' lang='grc'><strong>1)</strong></span> <span class='ocrx_word' id='word_1_300' title='bbox 794 3990 917 4040; x_wconf 75' lang='lat' dir='ltr'><strong>Alex</strong></span> <span class='ocrx_word' id='word_1_301' title='bbox 921 4010 1012 4059; x_wconf 80' lang='grc' dir='ltr'><strong>..Ρ</strong></span> <span class='ocrx_word' id='word_1_302' title='bbox 1036 4006 1154 4054; x_wconf 75' lang='grc'><strong>695,</strong></span> <span class='ocrx_word' id='word_1_303' title='bbox 1180 4007 1271 4047; x_wconf 70' lang='lat'><strong>³4:</strong></span> <span class='ocrx_word' id='word_1_304' title='bbox 1308 3991 1414 4047; x_wconf 70' lang='grc' dir='ltr'><strong>ὗσε</strong></span> <span class='ocrx_word' id='word_1_305' title='bbox 1392 4014 1440 4047; x_wconf 83' lang='grc' dir='ltr'><strong>τε</strong></span> <span class='ocrx_word' id='word_1_306' title='bbox 1480 3988 1601 4047; x_wconf 73' lang='grc' dir='ltr'><strong>οὗδὶ</strong></span> <span class='ocrx_word' id='word_1_307' title='bbox 1635 3991 1702 4068; x_wconf 72' lang='grc' dir='ltr'><strong>τῇ</strong></span> <span class='ocrx_word' id='word_1_308' title='bbox 1742 3994 1859 4065; x_wconf 76' lang='grc' dir='ltr'><strong>περὶ</strong></span> <span class='ocrx_word' id='word_1_309' title='bbox 1895 3987 2066 4062; x_wconf 77' lang='grc' dir='ltr'><strong><em>αὗτὴν</em></strong></span> <span class='ocrx_word' id='word_1_310' title='bbox 2102 3989 2361 4065; x_wconf 65' lang='grc' dir='ltr'><strong><em>ἐπιστήμῃ</em></strong></span> <span class='ocrx_word' id='word_1_311' title='bbox 2400 3996 2542 4047; x_wconf 61' lang='grc' dir='ltr'><strong><em>ἐστὶν</em></strong></span> <span class='ocrx_word' id='word_1_312' title='bbox 2577 3995 2789 4046; x_wconf 67' lang='grc' dir='ltr'><strong><em>ἐναντία</em></strong></span> 
     </span>
     <span class='ocr_line' id='line_1_34' title="bbox 585 4071 2789 4153; baseline 0.003 -29"><span class='ocrx_word' id='word_1_313' title='bbox 585 4072 621 4143; x_wconf 78' lang='grc' dir='ltr'><em>ἢ</em></span> <span class='ocrx_word' id='word_1_314' title='bbox 659 4071 746 4143; x_wconf 76' lang='grc' dir='ltr'><strong><em>α”γι</em></strong></span> <span class='ocrx_word' id='word_1_315' title='bbox 733 4083 879 4126; x_wconf 88' lang='grc' dir='ltr'><strong><em>ν·οια</em></strong></span> <span class='ocrx_word' id='word_1_316' title='bbox 914 4078 961 4126; x_wconf 71' lang='grc' dir='ltr'><strong>εἰ</strong></span> <span class='ocrx_word' id='word_1_317' title='bbox 994 4073 1098 4147; x_wconf 71' lang='grc' dir='ltr'><strong>γάρ</strong></span> <span class='ocrx_word' id='word_1_318' title='bbox 1134 4083 1244 4131; x_wconf 67' lang='grc' dir='ltr'><strong><em>ἐστι</em></strong></span> <span class='ocrx_word' id='word_1_319' title='bbox 1246 4099 1271 4131; x_wconf 85' lang='grc' dir='ltr'><strong><em>ν</em></strong></span> <span class='ocrx_word' id='word_1_320' title='bbox 1307 4077 1338 4149; x_wconf 76' lang='grc' dir='ltr'><em>ἦ</em></span> <span class='ocrx_word' id='word_1_321' title='bbox 1377 4076 1567 4148; x_wconf 73' lang='grc' dir='ltr'><strong><em>ἄγνοια</em></strong></span> <span class='ocrx_word' id='word_1_322' title='bbox 1600 4083 1879 4133; x_wconf 59' lang='lat' dir='ltr'><strong>translat</strong></span> <span class='ocrx_word' id='word_1_323' title='bbox 1849 4080 1914 4153; x_wconf 73' lang='grc' dir='ltr'><strong>τῇ</strong></span> <span class='ocrx_word' id='word_1_324' title='bbox 1951 4079 2177 4151; x_wconf 78' lang='grc' dir='ltr'><strong><em>τοιαύτη</em></strong></span> <span class='ocrx_word' id='word_1_325' title='bbox 2209 4083 2289 4131; x_wconf 62' lang='grc' dir='ltr'><strong>ἐπι</strong></span> <span class='ocrx_word' id='word_1_326' title='bbox 2292 4079 2488 4151; x_wconf 69' lang='grc' dir='ltr'><strong>στήμῃ,</strong></span> <span class='ocrx_word' id='word_1_327' title='bbox 2523 4084 2672 4133; x_wconf 68' lang='grc' dir='ltr'><strong><em>ἔσται</em></strong></span> <span class='ocrx_word' id='word_1_328' title='bbox 2699 4082 2789 4132; x_wconf 76' lang='grc' dir='ltr'><strong>καὶ</strong></span> 
     </span>
     <span class='ocr_line' id='line_1_35' title="bbox 585 4154 2789 4239; baseline 0.002 -27"><span class='ocrx_word' id='word_1_329' title='bbox 585 4160 650 4213; x_wconf 78' lang='grc' dir='ltr'><strong>τὸ</strong></span> <span class='ocrx_word' id='word_1_330' title='bbox 687 4154 874 4231; x_wconf 74' lang='grc' dir='ltr'><strong>περὶὸ</strong></span> <span class='ocrx_word' id='word_1_331' title='bbox 903 4158 934 4227; x_wconf 72' lang='grc' dir='ltr'><em>ἡ</em></span> <span class='ocrx_word' id='word_1_332' title='bbox 965 4157 1154 4227; x_wconf 77' lang='grc' dir='ltr'><strong><em>ἄγνοια</em></strong></span> <span class='ocrx_word' id='word_1_333' title='bbox 1181 4167 1231 4214; x_wconf 72' lang='grc' dir='ltr'><strong><em>ἓν</em></strong></span> <span class='ocrx_word' id='word_1_334' title='bbox 1232 4168 1383 4217; x_wconf 81' lang='grc' dir='ltr'><strong><em>αντίο</em></strong></span> <span class='ocrx_word' id='word_1_335' title='bbox 1355 4185 1414 4216; x_wconf 81' lang='grc' dir='ltr'><strong><em>ον</em></strong></span> <span class='ocrx_word' id='word_1_336' title='bbox 1442 4163 1507 4238; x_wconf 74' lang='grc' dir='ltr'><strong>τῆ</strong></span> <span class='ocrx_word' id='word_1_337' title='bbox 1542 4163 1684 4235; x_wconf 78' lang='grc' dir='ltr'><strong>πρώτ</strong></span> <span class='ocrx_word' id='word_1_338' title='bbox 1689 4187 1720 4237; x_wconf 74' lang='grc' dir='ltr'><strong><em>ῃ</em></strong></span> <span class='ocrx_word' id='word_1_339' title='bbox 1751 4160 1904 4239; x_wconf 74' lang='grc' dir='ltr'><strong>ἆρχῄ.</strong></span> <span class='ocrx_word' id='word_1_340' title='bbox 1960 4166 2157 4218; x_wconf 60' lang='lat' dir='ltr'><strong>Schwa:</strong></span> <span class='ocrx_word' id='word_1_341' title='bbox 2196 4162 2317 4217; x_wconf 73' lang='lat' dir='ltr'><strong>Dent</strong></span> <span class='ocrx_word' id='word_1_342' title='bbox 2333 4165 2629 4238; x_wconf 70' lang='lat' dir='ltr'><strong>folgenden</strong></span> <span class='ocrx_word' id='word_1_343' title='bbox 2653 4165 2789 4218; x_wconf 70' lang='lat' dir='ltr'><strong>Sat:</strong></span> 
     </span>
     <span class='ocr_line' id='line_1_36' title="bbox 585 4238 2787 4320; baseline 0.002 -21"><span class='ocrx_word' id='word_1_344' title='bbox 585 4246 813 4299; x_wconf 74' lang='lat' dir='ltr'><strong>schreibe</strong></span> <span class='ocrx_word' id='word_1_345' title='bbox 848 4244 934 4299; x_wconf 75' lang='lat' dir='ltr'><strong>ich</strong></span> <span class='ocrx_word' id='word_1_346' title='bbox 968 4262 1053 4298; x_wconf 79' lang='grc' dir='ltr'><strong>ω.-</strong></span> <span class='ocrx_word' id='word_1_347' title='bbox 1089 4238 1124 4320; x_wconf 71' lang='grc' dir='ltr'><strong><em>ᾖ</em></strong></span> <span class='ocrx_word' id='word_1_348' title='bbox 1164 4250 1216 4299; x_wconf 76' lang='grc' dir='ltr'><strong>δὲ</strong></span> <span class='ocrx_word' id='word_1_349' title='bbox 1253 4254 1301 4299; x_wconf 78' lang='grc' dir='ltr'><strong><em>ἰν</em></strong></span> <span class='ocrx_word' id='word_1_350' title='bbox 1279 4270 1402 4301; x_wconf 82' lang='grc' dir='ltr'><strong><em>νντα</em></strong></span> <span class='ocrx_word' id='word_1_351' title='bbox 1372 4254 1466 4302; x_wconf 74' lang='grc' dir='ltr'><strong><em>τίοι</em></strong></span> <span class='ocrx_word' id='word_1_352' title='bbox 1500 4247 1712 4319; x_wconf 77' lang='grc' dir='ltr'><strong><em>ἄγνοια,</em></strong></span> <span class='ocrx_word' id='word_1_353' title='bbox 1751 4256 1888 4311; x_wconf 77' lang='grc' dir='ltr'><strong>εῐςτ</strong></span> <span class='ocrx_word' id='word_1_354' title='bbox 1894 4252 2193 4304; x_wconf 65' lang='grc' dir='ltr'><strong><em>ὀίναντίον</em></strong></span> <span class='ocrx_word' id='word_1_355' title='bbox 2228 4247 2329 4317; x_wconf 82' lang='lat' dir='ltr'><strong>(sc.</strong></span> <span class='ocrx_word' id='word_1_356' title='bbox 2369 4254 2551 4304; x_wconf 75' lang='grc' dir='ltr'><strong><em>πίπτει</em></strong></span> <span class='ocrx_word' id='word_1_357' title='bbox 2560 4247 2601 4317; x_wconf 92' lang='grc'><strong>).</strong></span> <span class='ocrx_word' id='word_1_358' title='bbox 2656 4251 2787 4304; x_wconf 70' lang='grc' dir='ltr'><strong>«8ο-</strong></span> 
     </span>
     <span class='ocr_line' id='line_1_37' title="bbox 571 4330 2794 4408; baseline 0.002 -24"><span class='ocrx_word' id='word_1_359' title='bbox 571 4332 708 4406; x_wconf 80' lang='lat' dir='ltr'><strong>fern</strong></span> <span class='ocrx_word' id='word_1_360' title='bbox 723 4333 881 4401; x_wconf 82' lang='lat' dir='ltr'><strong>jener</strong></span> <span class='ocrx_word' id='word_1_361' title='bbox 907 4332 1298 4405; x_wconf 75' lang='lat' dir='ltr'><strong>Wissensclmst</strong></span> <span class='ocrx_word' id='word_1_362' title='bbox 1325 4330 1449 4400; x_wconf 83' lang='lat' dir='ltr'><strong>(der</strong></span> <span class='ocrx_word' id='word_1_363' title='bbox 1474 4357 1527 4387; x_wconf 83' lang='grc' dir='ltr'><strong><em>τι</em></strong></span> <span class='ocrx_word' id='word_1_364' title='bbox 1509 4358 1660 4405; x_wconf 82' lang='grc' dir='ltr'><strong><em>ιτμιω</em></strong></span> <span class='ocrx_word' id='word_1_365' title='bbox 1663 4334 1733 4388; x_wconf 79' lang='grc' dir='ltr'><strong>άτ</strong></span> <span class='ocrx_word' id='word_1_366' title='bbox 1740 4342 1880 4402; x_wconf 64' lang='lat' dir='ltr'><strong>qaia</strong></span> <span class='ocrx_word' id='word_1_367' title='bbox 1862 4334 2041 4408; x_wconf 63' lang='grc' dir='ltr'><strong><em>ιστὴμ]</em></strong></span> <span class='ocrx_word' id='word_1_368' title='bbox 2028 4334 2093 4404; x_wconf 79' lang='lat'><strong>¹1)</strong></span> <span class='ocrx_word' id='word_1_369' title='bbox 2132 4338 2217 4389; x_wconf 72' lang='lat' dir='ltr'><strong>die</strong></span> <span class='ocrx_word' id='word_1_370' title='bbox 2241 4336 2621 4391; x_wconf 72' lang='lat' dir='ltr'><strong>Unwt’uenlteit</strong></span> <span class='ocrx_word' id='word_1_371' title='bbox 2650 4334 2794 4404; x_wconf 73' lang='lat' dir='ltr'><strong>(und</strong></span> 
     </span>
     <span class='ocr_line' id='line_1_38' title="bbox 585 4418 2791 4496; baseline 0.003 -25"><span class='ocrx_word' id='word_1_372' title='bbox 585 4418 733 4471; x_wconf 68' lang='lat' dir='ltr'><strong>nicht</strong></span> <span class='ocrx_word' id='word_1_373' title='bbox 765 4427 902 4472; x_wconf 82' lang='lat' dir='ltr'><strong>etwa</strong></span> <span class='ocrx_word' id='word_1_374' title='bbox 937 4419 1052 4471; x_wconf 77' lang='lat' dir='ltr'><strong>eine</strong></span> <span class='ocrx_word' id='word_1_375' title='bbox 1086 4420 1277 4472; x_wconf 77' lang='lat' dir='ltr'><strong>andere</strong></span> <span class='ocrx_word' id='word_1_376' title='bbox 1309 4419 1732 4495; x_wconf 71' lang='lat' dir='ltr'><strong>Wissemckafl)</strong></span> <span class='ocrx_word' id='word_1_377' title='bbox 1767 4433 2233 4496; x_wconf 72' lang='lat' dir='ltr'><strong>enegegengesetst</strong></span> <span class='ocrx_word' id='word_1_378' title='bbox 2266 4424 2357 4492; x_wconf 75' lang='lat' dir='ltr'><strong>ist,</strong></span> <span class='ocrx_word' id='word_1_379' title='bbox 2396 4438 2453 4477; x_wconf 72' lang='grc' dir='ltr'><strong><em>ιο</em></strong></span> <span class='ocrx_word' id='word_1_380' title='bbox 2478 4422 2627 4496; x_wconf 76' lang='lat' dir='ltr'><strong>falle</strong></span> <span class='ocrx_word' id='word_1_381' title='bbox 2652 4421 2791 4477; x_wconf 58' lang='lat' dir='ltr'><strong>auch</strong></span> 
     </span>
     <span class='ocr_line' id='line_1_39' title="bbox 585 4504 1440 4578; baseline 0.002 -21"><span class='ocrx_word' id='word_1_382' title='bbox 585 4504 724 4558; x_wconf 63' lang='lat' dir='ltr'><strong>dieze</strong></span> <span class='ocrx_word' id='word_1_383' title='bbox 758 4513 913 4559; x_wconf 68' lang='lat' dir='ltr'><strong>anter</strong></span> <span class='ocrx_word' id='word_1_384' title='bbox 947 4507 1047 4560; x_wconf 74' lang='lat' dir='ltr'><strong>den</strong></span> <span class='ocrx_word' id='word_1_385' title='bbox 1084 4506 1440 4578; x_wconf 63' lang='lat' dir='ltr'><strong>aegea-aasz.»</strong></span> 
     </span>
    </p>
   </div>
  </div>
 </body>
</html>
