3109 5175
578 361 677 436 ’22

581 537 955 626 disciplinae
990 558 1251 627 corpus;
1290 537 1493 603 veluti
1531 558 1723 625 quum
1760 536 1843 602 de
1878 538 2124 602 unitate
2151 535 2449 624 disputat,
2493 558 2586 616 ea,
2617 558 2782 624 quae

582 643 664 709 de
709 646 950 708 unitate
996 653 1060 708 et
1113 645 1399 708 notionis
1457 651 1523 708 et
1569 661 1780 706 rerum
1831 641 2226 706 sensibilium
2270 652 2456 706 antea
2502 640 2783 728 disputa-

579 751 674 812 vit
706 749 787 812 Η
817 749 878 826 6,
923 767 1005 812 ne
1051 747 1249 811 verbo
1296 745 1545 832 quidem
1592 756 2044 811 commemorat
2085 767 2208 811 nec
2249 743 2576 832 quomodo
2623 745 2781 809 haec

579 854 747 916 iuter
790 872 861 916 se
905 851 1292 915 cohaereant
1333 853 1611 936 exponit,
1658 853 1776 915 nisi
1824 850 1990 915 forte
2037 853 2138 915 cui
2181 849 2564 914 satisfactum
2605 849 2782 913 vide-

579 965 686 1020 tur
724 957 804 1019 iis
844 955 1060 1019 verbis
1106 976 1267 1041 quae
1299 952 1564 1042 legimus
1597 954 1644 1019 I
1672 957 1731 1019 l.
1765 956 1973 1024 1⁰52ae
2003 955 2088 1020 31
2122 976 2288 1040 sqq.;
2333 951 2568 1018 deinde
2605 952 2780 1038 quod

580 1061 868 1145 exponit,
924 1079 1085 1145 quae
1130 1061 1257 1123 sint
1299 1079 1536 1146 genere
1581 1057 1830 1122 diversa
1875 1079 2038 1144 quae
2081 1061 2322 1144 specie,
2374 1059 2784 1122 coniunctum

579 1161 645 1226 id
693 1161 943 1248 quidem
992 1172 1088 1226 est
1130 1164 1266 1248 ipsa
1314 1182 1385 1226 re
1430 1181 1570 1227 cum
1618 1181 1691 1226 ea
1739 1161 2188 1249 disputatione,
2241 1183 2422 1248 quam
2470 1159 2552 1226 de
2595 1183 2782 1246 quae-

580 1264 779 1330 renda
825 1268 1159 1330 notionum
1196 1264 1574 1331 definitione
1606 1265 1772 1332 libro
1804 1268 1868 1331 Z
1896 1269 2181 1344 instituit,
2226 1265 2341 1332 sed
2371 1264 2553 1330 nullo
2582 1263 2782 1330 modo

581 1367 660 1432 sd
722 1390 858 1433 eam
914 1369 1219 1444 referturz
1278 1381 1343 1434 et
1397 1367 1463 1436 id
1520 1390 1726 1459 genus
1783 1370 1904 1436 alia
1952 1380 2259 1456 poterunt
2299 1370 2534 1434 afferri.
2622 1367 2784 1432 Inde

579 1475 714 1537 veri
770 1472 973 1537 simile
1030 1484 1154 1551 est,
1214 1472 1624 1539 Aristotelem
1681 1475 1851 1540 hune
1899 1473 2131 1538 librum
2191 1472 2273 1538 de
2329 1494 2453 1538 uua
2512 1471 2782 1559 quadam

581 1581 955 1662 quaestione
1012 1579 1250 1664 primae
1305 1577 1753 1665 philosophiae
1807 1581 2071 1643 seorsim
2128 1580 2486 1664 scripsisse,
2549 1588 2614 1641 et
2667 1597 2782 1640 vo-

579 1680 803 1750 luisse„
832 1699 974 1747 eum
1031 1681 1281 1768 quidem
1345 1685 1740 1771 coniungere
1796 1701 1934 1747 cum
1993 1680 2547 1768 ampliore-opere
2589 1689 2782 1745 meta-

578 1785 867 1870 physico,
914 1785 1027 1849 sed
1076 1784 1139 1849 id
1187 1784 1362 1871 quod
1406 1785 1616 1851 voluit
1657 1805 1790 1850 non
1834 1784 2195 1871 perfecisse.
2225 1819 2314 1835 --
2357 1783 2661 1852 Ceterum
2695 1805 2781 1848 ne

580 1892 719 1975 quis
767 1888 934 1954 forte
977 1900 1163 1976 putet
1206 1888 1374 1955 libro
1421 1891 1470 1955 I
1506 1891 1820 1954 contineri
1860 1887 2031 1952 illam
2077 1887 2392 1973 διαίρεσιν
2428 1892 2562 1953 sive
2599 1890 2781 1953 tulo·-

577 1986 704 2071 γὴν
747 1993 878 2056 τῶν
921 1996 1263 2073 ἐναντίων,
1317 2015 1501 2081 quam
1546 2015 1618 2058 se
1661 1994 1990 2078 scripsisse
2034 1990 2370 2077 aliquoties
2416 2014 2535 2078 per
2578 1991 2781 2056 libros

577 2097 1049 2183 metaphysicos
1108 2093 1560 2164 commemorat
1601 2097 1668 2161 Γ
1703 2098 1765 2161 2.
1816 2098 2023 2161 1004·
2063 2097 2139 2175 2,
2197 2095 2268 2160 K
2311 2097 2374 2162 3.
2423 2097 2634 2162 loma
2681 2098 2780 2172 15,

580 2219 660 2263 eo
710 2212 805 2265 est
849 2211 1097 2265 cautum
1144 2200 1320 2286 quod
1364 2201 1646 2267 eiusdem
1693 2200 1842 2265 libri
1885 2202 2071 2265 etiam
2115 2203 2182 2264 iu
2229 2198 2398 2264 libro
2428 2200 2477 2265 I
2513 2200 2782 2265 mentio-

578 2319 721 2366 nem
768 2303 920 2367 facit
961 2304 1023 2367 3.
1074 2304 1283 2369 10510
1326 2305 1433 2370 30.

708 2404 887 2470 Libri
921 2406 993 2471 K
1034 2409 1250 2492 priore
1292 2406 1378 2472 de
1422 2417 1603 2495 parte
1652 2409 1711 2472 1.
1758 2409 1969 2473 1⁰59«
2001 2407 2261 2473 18-8,
2311 2407 2520 2472 mosa
2548 2408 2636 2471 26
2680 2427 2781 2471 su·

577 2525 691 2596 pra
751 2521 848 2574 est
904 2514 1255 2597 expositum
1315 2529 1378 2598 p.
1430 2514 1542 2587 155
1598 2511 1802 2576 videri
1850 2510 2255 2576 Aristotelem
2313 2511 2411 2575 his
2469 2508 2780 2597 capitibus

580 2614 844 2679 eandem
890 2614 973 2680 de
1017 2619 1212 2703 prima
1260 2615 1664 2704 philosophia
1710 2615 2199 2703 disputationem
2245 2616 2523 2681 breviter
2566 2614 2780 2679 adum·

579 2717 814 2797 brasse,
858 2739 1044 2804 quam
1090 2718 1336 2796 deinde,
1385 2731 1635 2785 retento
1685 2719 1911 2783 eodem
1958 2718 2091 2785 fere
2132 2719 2375 2799 ordine,
2420 2720 2678 2784 uberius
2717 2728 2780 2781 et

578 2821 946 2909 dilig-entius
992 2821 1171 2891 libris
1219 2825 1410 2890 ΒΓΕ
1448 2824 1834 2909 explicuerit.
1927 2826 2012 2889 Et
2057 2825 2412 2891 breviorem
2456 2822 2621 2887 hanc
2663 2821 2780 2887 do·

579 2930 822 2991 ctrinae
881 2925 1422 2994 adumbrationem
1473 2939 1682 2993 utrum
1729 2931 1867 3014 ipse
1912 2948 2045 2992 non
2092 2928 2458 3015 perduxerit
2497 2925 2581 2991 ad
2630 2947 2780 2990 eun»

579 3029 720 3093 dem
767 3029 975 3096 locum
1023 3052 1097 3096 ae
1140 3033 1490 3118 pleniorem
1540 3036 1631 3097 rei
1662 3035 2116 3109 tractationem,
2163 3050 2244 3096 au
2282 3035 2606 3119 posterior
2631 3050 2779 3116 pars

575 3133 980 3214 interciderit,
1025 3156 1145 3198 nee
1178 3146 1390 3222 potest
1427 3156 1550 3199 nec
1577 3135 1839 3200 multum
1870 3135 2068 3200 refert
2098 3134 2448 3200 diiudicari.
2512 3137 2609 3200 Ex
2638 3138 2779 3221 ipso

576 3241 757 3303 initio
789 3230 931 3303 libri
966 3239 1060 3303 K:
1106 3234 1209 3304 ὅτι
1246 3242 1365 3323 μὲν
1404 3237 1447 3319 ἡ
1485 3241 1696 3330 σοφία
1730 3241 1879 3324 περὶ
1912 3232 2122 3326 ἀρχὰς
2150 3235 2470 3323 ἐπιστήμη
2502 3240 2599 3314 τίς
2627 3242 2782 3315 ἐστι,

579 3342 785 3421 δῆλον
828 3347 898 3407 ἐκ
940 3345 1073 3408 τῶν
1116 3339 1404 3428 πρώτων,
1450 3347 1519 3407 ἐν
1564 3340 1666 3419 οἷς
1708 3338 2105 3429 διηπόρηται
2145 3339 2313 3429 πρὸς
2353 3338 2440 3408 τὰ
2481 3335 2612 3408 ὑπὸ
2650 3343 2783 3405 τῶν

576 3439 795 3509 ἄλλων
839 3449 1145 3532 εἰρημένα
1189 3449 1335 3532 περὶ
1380 3447 1509 3512 τῶν
1554 3444 1805 3531 ἀρχῶν,
1862 3451 2289 3534 praepositam
2347 3448 2543 3511 fuisse
2588 3464 2783 3532 appa·

574 3557 677 3612 ret
735 3548 881 3613 huie
936 3547 1104 3615 libro
1165 3552 1518 3615 historicam
1579 3549 1891 3636 quandam
1951 3550 2472 3636 disputationem,
2531 3548 2778 3635 qualem

573 3652 874 3716 habemus
918 3656 985 3716 in
1033 3652 1198 3718 libro
1230 3657 1318 3731 A,
1360 3659 1498 3719 sive
1542 3657 1682 3738 ipse
1726 3652 1890 3718 liber
1925 3655 1998 3717 A
2041 3658 2226 3718 etiam
2275 3654 2444 3719 libro
2490 3654 2560 3718 K
2602 3670 2781 3739 prae·

571 3757 819 3840 positus
863 3754 999 3833 fuit,
1044 3759 1177 3819 sive
1223 3757 1344 3821 alia
1389 3756 1673 3822 eiusdem
1710 3760 2064 3846 argumenti
2106 3762 2573 3836 commentatio,
2617 3776 2781 3843 quae

573 3856 884 3924 brevitate
928 3880 965 3923 a
1012 3857 1177 3924 libro
1216 3860 1289 3925 A
1328 3860 1600 3948 perinde
1645 3859 2140 3949 distingueretur
2186 3882 2262 3926 ac
2302 3862 2472 3935 liber
2516 3862 2586 3927 K
2627 3882 2662 3924 a
2709 3859 2782 3924 li-

574 3962 705 4026 bris
748 3960 953 4027 ΒΓΕ.

708 4064 922 4130 Altera
953 4086 1112 4131 vero
1148 4066 1291 4131 libri
1326 4067 1393 4132 K
1426 4087 1572 4152 pars
1607 4070 1670 4134 8.
1705 4070 1914 4135 10650
1944 4068 2251 4135 26-12.
2292 4068 2502 4136 1060!
2543 4072 2623 4135 u
2654 4080 2778 4133 tem
2817 4092 2824 4097 ·

575 4170 907 4234 manifesto
962 4192 1036 4234 ex
1081 4169 1351 4258 Physica
1400 4172 1863 4238 auscultatione
1910 4185 2009 4238 est
2053 4187 2373 4259 excerpta,
2432 4185 2502 4239 ut
2546 4173 2778 4239 Graeci

573 4275 691 4336 iam
743 4275 1123 4360 interpretes
1171 4295 1305 4338 eam
1352 4276 1513 4339 hanc
1556 4279 1751 4363 ipsam
1800 4277 1884 4341 ob
1932 4300 2178 4342 eausam
2226 4298 2518 4341 enarrare
2565 4298 2784 4364 super·

573 4374 883 4455 sederint,
927 4379 1004 4442 cf.
1056 4376 1233 4443 Alex.
1280 4403 1341 4466 p.
1392 4382 1538 4458 640,
1583 4382 1673 4446 30
1715 4404 1848 4468 sqq.
1939 4381 2345 4449 Aristotelem
2393 4395 2599 4448 autem
2646 4403 2780 4447 non

574 4501 715 4545 esse
743 4481 927 4547 huius
955 4486 1275 4570 epitomae
1306 4493 1652 4564 auctorem,
1694 4485 1984 4572 equidem
2015 4502 2150 4550 nou
2181 4485 2597 4552 dubitaverim
2627 4508 2780 4551 eon-
