3109 5175
585 389 730 465 478
1405 395 1485 464 A
1534 387 1601 464 3.
1686 379 1953 474 loma.

586 571 718 634 λων
774 563 1044 653 ὁμοίως,
1105 579 1170 632 et
1225 566 1306 632 ad
1350 567 1411 632 b.
1451 567 1492 631 l.
1544 606 1621 619 —
1672 565 1891 638 ‚Verba
1950 561 2095 632 οἷον
2138 566 2267 654 πῦρ
2316 603 2397 618 -
2445 568 2785 633 τελευταία

587 670 972 751 Alexander,
1029 674 1131 736 cui
1187 692 1322 736 non
1378 670 1686 736 debebam
1732 674 2021 736 assentiri
2066 670 2230 737 Obs.
2279 695 2339 758 p.
2376 672 2535 750 131,
2586 682 2785 737 nans-

584 778 795 863 posita
842 797 981 840 esse
1025 786 1208 861 putat
1249 775 1649 840 librariorum
1695 777 1963 854 incuria,
2019 797 2210 861 quum
2269 798 2448 842 suum
2506 776 2787 841 habeant

583 878 795 945 locum
839 889 992 965 post
1030 875 1456 964 ὑποκείμενον
1495 881 1652 943 all.
1735 880 1889 945 Non
1935 901 2105 968 nego
2153 889 2302 965 apte
2345 879 2479 945 illic
2523 904 2596 946 ea
2642 882 2784 946 fore

583 987 821 1072 posita,
879 982 996 1048 sed
1045 1005 1234 1069 quum
1280 985 1529 1070 possint
1577 994 1747 1048 certe
1790 983 2063 1072 intelligi
2108 985 2234 1049 boc
2277 983 2428 1051 loco
2474 998 2785 1072 tamquam

587 1086 938 1175 exemplum
983 1109 1190 1152 rerum
1235 1086 1666 1165 materialium,
1711 1109 1748 1151 a
1794 1087 2023 1174 quibus
2068 1088 2252 1153 ideae
2297 1088 2786 1178 distinguantur,

586 1192 1023 1270 dubitaverim,
1067 1212 1229 1277 quae
1275 1202 1372 1255 est
1415 1191 1602 1256 buius
1646 1190 1792 1256 libri
1835 1193 2013 1271 ratio,
2060 1192 2400 1278 quidquam
2442 1205 2703 1259 tentare.

717 1298 1060 1380 Hucusque
1103 1298 1171 1358 in
1216 1293 1425 1359 medio
1473 1295 1580 1358 Ar.
1623 1294 1905 1382 reliquit,
1962 1306 2170 1360 utrum
2229 1297 2475 1362 formae
2520 1301 2787 1362 seorsim

587 1423 708 1490 per
742 1423 812 1464 se
848 1402 974 1464 sint
1006 1420 1226 1478 necne,
1271 1397 1506 1464 dirimit
1538 1409 1745 1464 autem
1783 1421 1918 1464 eam
1955 1403 2389 1485 quaestionem
2426 1400 2638 1468 addita
2669 1395 2789 1489 per

584 1503 954 1593 particulam
995 1493 1115 1569 οὖν
1151 1503 1589 1568 subsumtione
1627 1503 2011 1592 syllogismi:
2054 1498 2141 1568 τὰ
2181 1506 2301 1588 μὲν
2331 1495 2449 1571 οὖν
2477 1509 2787 1573 κινοῦντα

587 1649 674 1660 -
719 1605 860 1694 ἅμα
898 1609 1049 1674 021„
1139 1608 1354 1693 Quum
1413 1630 1641 1673 causae
1693 1619 2023 1674 moventes
2067 1607 2455 1693 praecedant
2499 1621 2788 1696 tempore

585 1713 652 1779 id
711 1713 885 1800 quod
943 1721 1240 1777 movetur
1297 1722 1362 1777 et
1418 1711 1723 1792 efficitur,
1778 1717 1961 1778 notio
2016 1733 2178 1777 vero
2240 1723 2305 1777 et
2355 1713 2557 1778 forma
2601 1714 2787 1779 simul

586 1841 727 1884 cum
771 1839 843 1884 re
887 1820 985 1896 sit,
1030 1839 1152 1882 nec
1185 1820 1494 1881 rationem
1530 1816 1846 1894 habemus,
1891 1839 2005 1880 cur
2040 1816 2303 1881 formam
2340 1820 2603 1882 seorsim
2647 1839 2789 1884 esse

586 1934 948 2001 statuamus,
987 1941 1193 2007 neque
1233 1940 1398 2007 opus
1437 1930 1530 1985 est
1564 1920 1682 1985 hae
1714 1919 2057 2007 hypothesi
2092 1919 2174 1983 ad
2212 1920 2643 2007 explicandam
2679 1944 2790 2009 ge-

586 2032 1008 2104 nerationem,
1056 2026 1160 2090 cui
1203 2024 1527 2090 sufficiunt
1570 2045 1801 2089 causae
1844 2034 2207 2102 moventes,
2252 2026 2331 2089 cf.
2370 2026 2451 2090 H
2481 2028 2542 2091 6.
2578 2028 2789 2091 1045»

517 2191 534 2202 ,
589 2134 673 2198 17
710 2154 842 2219 sqq.
881 2171 968 2182 —
1012 2128 1210 2195 Simul
1259 2149 1398 2194 esse
1443 2151 1692 2195 causam
1738 2127 2064 2193 formalem
2118 2151 2259 2194 cum
2308 2133 2444 2216 ipsa
2484 2152 2555 2195 re
2597 2151 2789 2217 expo-

587 2239 686 2300 nit
719 2234 903 2301 Anal.
938 2244 1106 2321 post.
1144 2234 1203 2298 11
1243 2236 1344 2298 12.
1433 2234 1661 2299 Utrum
1721 2232 2025 2319 quaedam
2070 2233 2313 2298 formae
2355 2244 2641 2319 tempore
2686 2257 2789 2300 su-

588 2348 819 2425 perent
851 2359 990 2402 eam
1027 2358 1292 2423 quacum
1327 2340 1706 2408 coniunctae
1736 2347 1915 2402 erant
1943 2340 2281 2416 materiam,
2327 2337 2407 2402 ad
2438 2337 2619 2401 aliam
2651 2342 2788 2424 qui·

591 2443 735 2509 dem
762 2444 965 2506 reiicit
988 2441 1481 2527 disputationem
1508 2444 1857 2522 (σκεπτέον
1881 2444 2068 2522 a25),
2095 2441 2209 2506 sed
2236 2441 2555 2530 significat
2577 2453 2790 2509 tamen

587 2555 830 2636 partem
877 2545 1187 2633 quandam
1233 2548 1504 2626 animae,
1559 2540 1678 2613 τὸν
1721 2548 1910 2626 νοῦν,
1967 2567 2085 2634 per
2135 2567 2207 2612 se
2250 2557 2317 2613 et
2360 2550 2703 2613 seiunctam
2751 2570 2786 2614 a

590 2674 866 2741 corpore
912 2654 1208 2716 exsistere
1247 2672 1322 2715 ae
1356 2662 1696 2738 propterea
1738 2649 2149 2717 immortalem
2190 2673 2348 2716 esse.
2420 2652 2788 2717 Accuratius

590 2756 989 2845 distinguens
1044 2759 1113 2820 in
1169 2754 1349 2821 libris
1382 2755 1485 2819 -de
1530 2759 1735 2821 anima
1781 2778 1915 2822 non
1962 2760 2225 2822 omnino
2269 2750 2387 2821 τὸν
2428 2758 2616 2834 νοῦν,
2672 2756 2789 2822 sed

589 2854 710 2927 τὸν
746 2855 1087 2941 ποιητικὸν
1119 2862 1279 2927 νοῦν
1308 2858 1646 2925 confirmat
1676 2858 2089 2926 immortalem
2127 2871 2192 2925 et
2224 2880 2262 2924 a
2297 2863 2585 2947 corporis
2622 2882 2790 2926 com-

588 2968 897 3032 munione
921 2969 1257 3030 immunem
1284 2986 1443 3030 esse.
1503 2963 1609 3030 Cf.
1642 2976 1898 3051 praeter
1927 2986 2000 3030 ea
2034 2987 2199 3051 quae
2229 2964 2308 3031 ad
2336 2966 2405 3029 E
2426 2967 2482 3029 1.
2513 2968 2722 3031 1026·
2745 2968 2787 3033 5

592 3068 912 3146 adnotavi,
957 3068 1041 3134 de
1081 3091 1180 3132 an.
1218 3069 1307 3132 111
1352 3072 1412 3134 5.
1453 3070 1620 3133 430a
1647 3071 1761 3134 17:
1806 3070 1918 3133 καὶ
1963 3059 2157 3145 οὗτος
2199 3066 2236 3133 ὁ
2281 3070 2437 3145 νοῦς
2479 3066 2558 3148 (ὁ
2598 3093 2790 3149 ποιη-

589 3168 808 3251 τικός)
843 3166 1165 3257 χωριστὸς
1206 3172 1319 3236 καὶ
1363 3166 1647 3251 ἀπαθὴς
1689 3174 1801 3237 καὶ
1846 3166 2087 3257 ἀμιγὴς
2127 3175 2204 3261 τῇ
2250 3168 2447 3257 οὐσίᾳ
2490 3165 2580 3239 ὢν
2615 3177 2791 3258 ἐνερ-

589 3278 758 3361 γείᾳ.
783 3310 869 3324 -
906 3275 1269 3359 χωρισθεὶς
1306 3272 1368 3340 δ’
1400 3278 1538 3342 ἐστὶ
1577 3271 1788 3360 μόνον
1825 3273 2024 3341 τοῦθ’
2056 3270 2215 3361 ὅπερ
2251 3277 2405 3353 ἐστι’,
2448 3278 2560 3343 καὶ
2595 3279 2790 3342 τοῦτο

590 3376 802 3466 μόνον
841 3374 1203 3447 ἀθάνατον
1235 3382 1347 3445 καὶ
1381 3377 1617 3447 ἀΐδιον.
1679 3377 1717 3446 ὁ
1753 3381 1823 3446 δὲ
1855 3375 2234 3460 παθητικός
2265 3381 2423 3457 νοῦς
2456 3376 2791 3471 φθαρτός.

592 3485 654 3551 11
683 3487 744 3550 2.
775 3485 938 3550 4131·
959 3485 1065 3549 26.
1126 3483 1364 3550 Trend.
1405 3485 1486 3550 de
1517 3506 1619 3550 an.
1648 3508 1711 3573 p.
1737 3486 1862 3551 491
1897 3505 2030 3570 sqq.
2090 3484 2300 3550 Zeller
2327 3484 2439 3549 Ph.
2472 3484 2532 3549 d.
2566 3483 2679 3550 Gr.
2710 3484 2789 3549 11.

589 3612 657 3678 p.
691 3593 839 3656 497.

725 3695 821 3758 Ex
855 3695 974 3757 hac
1007 3695 1308 3758 universa
1347 3691 1783 3780 disputatione
1820 3701 2084 3779 apparet
2120 3688 2458 3781 (φανερὸν
2496 3687 2578 3773 δή
2614 3694 2793 3773 ⁰27)

596 3797 678 3862 ad
724 3800 1202 3886 generationem
1249 3808 1422 3864 certe
1467 3808 1533 3863 et
1576 3800 1987 3863 mutationem
2048 3795 2481 3882 explicandam
2527 3793 2679 3876 (διά
2718 3818 2792 3879 γε

591 3903 843 3982 ταῦτα)
891 3923 1024 3967 non
1071 3924 1235 3989 opus
1282 3922 1421 3966 esse
1466 3904 1625 3989 poni
1669 3901 1862 3981 ideas,
1909 3901 1988 3965 cf.
2034 3899 2117 3965 ad
2149 3901 2213 3964 Z
2235 3902 2297 3966 8.
2339 3903 2543 3967 10331»
2562 3902 2682 3975 26ς
2730 3909 2796 3965 et

595 4026 758 4090 quae
801 4004 1176 4071 naturalium
1221 4027 1430 4071 rerum
1477 4018 1574 4070 est
1616 4008 1811 4084 ratio,
1867 4015 1939 4070 ut
1981 4024 2114 4069 non
2160 4025 2235 4069 ex
2279 4003 2622 4070 universali
2667 4004 2795 4069 for-

592 4129 830 4174 marum
878 4113 1143 4174 notione
1188 4108 1300 4175 sed
1349 4131 1424 4175 ex
1469 4109 1737 4197 singulis
1775 4109 1967 4174 rebus
2004 4131 2156 4173 vere
2192 4109 2633 4174 exsistentibus
2670 4113 2793 4174 sin-

594 4211 784 4302 gulae
829 4236 932 4278 res
974 4224 1410 4301 procreentur,
1464 4214 1684 4279 eadem
1733 4217 1918 4278 etiam
1966 4223 2062 4277 est
2105 4235 2310 4279 rerum
2357 4212 2791 4291 artificialium,

595 4319 749 4395 «129,
794 4338 958 4403 quae
1000 4341 1035 4383 a
1080 4339 1198 4384 suo
1242 4338 1529 4403 quaeque
1570 4315 1829 4396 artifice,
1873 4318 2137 4383 formam
2177 4322 2268 4383 rei
2308 4316 2477 4405 apud
2521 4321 2791 4382 animum

600 4418 972 4501 destinante,
1020 4422 1400 4500 efficiuntur,
1448 4420 1526 4485 cf.
1574 4418 1654 4485 ad
1696 4423 1849 4486 ⁶14.
