3109 5175
1140 384 1222 456 Α
1278 380 1389 456 ιο.
1474 379 1741 455 10751».
1800 473 1811 482 ,
2404 379 2546 456 521

347 557 815 634 commiserunt,
857 565 929 622 nt
970 560 1291 624 materiam
1337 561 1537 644 ipsam
1583 557 1909 623 traherent
1950 558 2017 622 in
2061 558 2556 643 oppositionem,

348 681 512 747 quae
572 659 897 731 eximenda
958 681 1033 726 ex
1090 683 1166 725 ea
1219 671 1316 727 est
1358 672 1428 727 ut
1472 662 1802 746 δυναμένη
1847 654 2050 751 ἄμφω
2094 663 2156 725 2.
2207 663 2408 727 1069ὂ
2449 663 2554 727 14.

348 766 526 844 (032
571 761 786 850 ὥσπερ
832 767 898 829 οἱ
942 758 1021 829 id
1066 758 1301 831 ἄνισον
1343 765 1437 848 τῷ
1472 762 1612 849 ἴσῳ,
1656 763 2018 829 addendum
2057 774 2156 829 est
2192 786 2267 830 ex
2303 777 2555 831 antece·

349 865 648 932 dentibus
679 866 918 933 verbis:
954 862 1122 947 ὕλην
1153 870 1510 945 ποιοῦντες.
1537 904 1621 915 -
1656 870 1794 934 «134
1828 865 1870 947 ἡ
1901 861 2029 953 γὰρ
2060 863 2185 948 ὕλη
2215 865 2259 948 ἡ
2288 870 2411 952 μία
2442 865 2556 934 οὕ-

348 971 508 1037 θενὶ
540 972 860 1038 ἐναντίον.
932 971 1105 1037 Alex.
1142 992 1262 1057 pro
1297 993 1400 1035 vv.
1432 968 1473 1051 ἡ
1507 973 1633 1056 μία
1668 975 1735 1036 in
1769 982 1943 1036 textu
1977 971 2229 1038 videtur
2256 972 2555 1037 habuisse

348 1069 526 1159 ἡμῖν,
571 1096 734 1160 quae
777 1074 968 1141 lectio
1013 1097 1383 1161 quamquam
1423 1073 1593 1140 haud
1632 1079 1845 1162 inepta
1882 1086 1996 1154 est,
2041 1086 2252 1141 tamen
2289 1095 2422 1140 non
2460 1082 2558 1140 est

350 1199 462 1243 cur
504 1178 834 1267 vulgatae,
880 1201 1065 1264 quam
1111 1179 1291 1244 Alex.
1337 1182 1525 1245 etiam
1571 1183 1754 1245 novit
1796 1202 1859 1266 p.
1890 1182 2041 1257 693,
2083 1181 2188 1258 27,
2239 1179 2557 1266 praefera-

350 1292 483 1360 tur,
540 1282 737 1348 modo
783 1282 948 1364 hanc
991 1293 1164 1349 recte
1211 1282 1504 1370 explices.
1599 1284 1849 1349 Etenim
1893 1279 1936 1362 ἡ
1981 1284 2105 1368 μία
2149 1304 2272 1347 nec
2313 1281 2557 1371 signifi·

351 1406 495 1450 care
534 1379 764 1471 potest
789 1388 829 1451 i.
859 1408 919 1472 q.
969 1383 1012 1466 ἡ
1056 1382 1298 1472 πρώτη,
1342 1386 1515 1473 quod
1555 1386 1763 1453 voluit
1792 1386 1970 1452 Alex.
2002 1385 2043 1451 l.
2070 1385 2135 1467 l.,
2177 1408 2388 1473 neque
2422 1388 2463 1450 i.
2494 1408 2555 1472 q.

351 1481 519 1567 αὐτὴ
566 1485 608 1568 ἡ
654 1486 798 1568 ὕλη,
843 1487 1018 1573 quod
1061 1493 1312 1576 putavit
1346 1490 1553 1556 Scbvv.
1599 1514 1661 1578 p.
1690 1493 1852 1557 290:
1893 1489 2109 1556 Anaia
2147 1491 2257 1556 die
2291 1486 2413 1568 ὕλη
2455 1489 2558 1554 ala

350 1591 605 1672 aolche,
649 1589 693 1671 ἡ
737 1586 862 1672 ὕλη
909 1588 950 1672 ἡ
993 1594 1148 1677 μία,
1192 1591 1303 1657 die
1345 1593 1634 1660 Mater-ie
1677 1596 1909 1676 allah,
1953 1593 2119 1659 olma
2160 1593 2400 1675 For-m,
2442 1592 2559 1658 hut

349 1695 505 1761 hein
548 1695 1256 1782 Entgegengeeelntec5
1312 1696 1428 1763 sed
1486 1697 1896 1786 distinguitur
1950 1701 2165 1786 potins
2218 1698 2317 1761 his
2365 1717 2558 1762 voca-

351 1798 521 1865 bulis
563 1798 798 1864 additis
845 1804 1143 1865 materiae
1187 1811 1413 1866 natura
1458 1822 1495 1865 a
1538 1810 1765 1866 natura
1809 1805 2291 1867 contrariorum.
2381 1799 2559 1867 Con-

354 1905 545 1969 traria
591 1906 810 1989 utique
857 1903 1013 1970 duo
1058 1907 1227 1969 inter
1269 1925 1341 1969 se
1387 1915 1453 1969 et
1495 1913 1972 1990 componuntur
2008 1915 2073 1970 et
2111 1915 2559 1990 opponuntur3

352 2011 616 2072 materia
660 2027 852 2086 vero,
913 2018 1154 2072 exemta
1216 2029 1291 2073 ex
1348 2008 1467 2071 hac
1519 2009 1951 2094 oppositionis
1997 2006 2367 2093 duplicitate
2410 2029 2561 2073 una

354 2120 469 2189 est,
506 2110 621 2175 sed
663 2109 745 2174 ad
781 2109 911 2175 duo
951 2113 1267 2176 contraria
1302 2110 1668 2199 recipienda
1705 2109 1972 2198 perinde
2006 2109 2304 2194 idonea.)
2372 2111 2562 2176 Prae-

352 2226 526 2280 terea
574 2236 765 2301 quum
808 2208 885 2279 τὸ
931 2219 1001 2279 ἔν
1040 2217 1262 2280 summi
1300 2214 1455 2280 boni
1493 2215 1724 2280 babeat
1759 2214 2146 2302 dignitatem,
2183 2226 2251 2280 et
2286 2212 2463 2300 quod
2500 2217 2561 2280 ei

356 2323 729 2407 oppositum
766 2328 879 2397 est,
923 2312 1001 2385 td
1036 2312 1289 2397 ἄνισον,
1332 2317 1479 2383 mali
1515 2329 1805 2384 naturam
1841 2318 1964 2400 (cf.
1996 2317 2076 2383 ad
2108 2319 2180 2383 A
2210 2320 2271 2383 4.
2304 2320 2474 2385 985⁴
2496 2322 2559 2384 5.

353 2426 415 2489 6.
445 2424 614 2489 988⁸
641 2425 796 2502 14),
842 2421 1010 2487 idem
1058 2432 1264 2487 autem
1311 2415 1546 2488 ἄνισον
1590 2426 1890 2488 materiae
1934 2434 2119 2511 gerat
2162 2425 2365 2501 vices,
2410 2441 2562 2486 con·

352 2547 626 2614 sequeus
664 2536 764 2592 est
797 2537 869 2593 ut
902 2528 1113 2593 omnia
1148 2524 1377 2592 malum
1417 2528 1800 2614 participent
1836 2537 2088 2614 praeter
2118 2530 2325 2613 ipsum
2359 2518 2439 2592 τὰ
2476 2529 2562 2604 ἔν,

353 2633 710 2708 «34-36,
758 2629 835 2694 cf.
867 2634 945 2697 N
967 2633 1028 2695 4.
1064 2633 1266 2696 10911·
1290 2631 1396 2696 35.
1476 2630 1676 2716 Quod
1723 2641 1795 2696 ut
1839 2633 2149 2695 evitarent
2191 2629 2317 2709 alii,
2358 2630 2562 2715 Speu-

357 2737 580 2820 sippus
626 2744 692 2798 et
736 2734 1158 2821 Pythagorei,
1214 2733 1457 2798 bonnm
1510 2736 1774 2798 omnino
1821 2756 1856 2798 a
1902 2736 2232 2821 principiis
2274 2736 2563 2799 seiunxe-

354 2847 521 2917 runt,
562 2838 719 2915 «136,
763 2857 929 2921 qnae
965 2841 1278 2901 sententia
1318 2847 1619 2921 quantum
1654 2858 1689 2900 a
1730 2839 1996 2901 veritate
2036 2836 2333 2902 deflectat
2370 2859 2560 2925 supra

359 2951 459 3005 est
501 2942 887 3025 expositum,
944 2942 1003 3005 7.
1052 2942 1255 3007 1072b
1291 2941 1399 3005 30.
1489 2939 1650 3004 Inde
1705 2942 1902 3028 igitur
1959 2961 2177 3005 eorum
2224 2943 2420 3028 magis
2467 2950 2566 3005 est

355 3042 692 3130 probanda
739 3047 1070 3124 sententia,
1114 3048 1224 3132 qui
1269 3043 1509 3109 bonum
1557 3054 1913 3129 posuerunt
1947 3045 2011 3108 in
2049 3046 2391 3130 principiis,
2434 3042 2565 3107 vel-

358 3150 451 3212 uti
487 3145 913 3233 Empedocles
960 3158 1025 3213 et
1058 3149 1486 3237 Anaxagoras,
1530 3146 1729 3213 modo
1775 3157 1949 3213 recte
1991 3146 2154 3213 illud
2198 3147 2566 3235 descripsis-

354 3260 529 3325 sent3
575 3259 642 3314 at
678 3270 814 3314 non
853 3250 1298 3331 definiverunt,
1343 3264 1549 3318 utrum
1575 3239 1671 3317 'ad
1708 3251 1900 3317 finale
1939 3273 2021 3316 an
2061 3250 2142 3316 ad
2177 3250 2386 3318 ideale
2423 3274 2567 3318 can·

355 3374 563 3416 sarum
608 3373 816 3439 genus
859 3354 1085 3418 referri
1120 3354 1377 3434 vellent,
1418 3357 1532 3430 δὶς
1584 3356 1690 3418 Ar.
1726 3357 1865 3441 ipse
1896 3377 2018 3440 qua
2047 3359 2297 3420 ratione
2325 3355 2563 3421 bonum

356 3457 654 3543 principii
683 3454 893 3520 locum
927 3456 1221 3523 obtinere
1253 3468 1559 3536 censeret,
1590 3456 1872 3522 ostendit
1903 3459 1960 3522 7.
1987 3460 2195 3524 1072α
2214 3460 2318 3523 26.
2376 3459 2567 3524 Prae-

358 3569 533 3624 terea
581 3556 745 3623 duos
791 3559 1167 3645 Empedocli
1215 3560 1435 3626 obiicit
1478 3582 1750 3638 errores,
1791 3562 2051 3626 cvl—7.
2127 3560 2413 3626 Eandem
2454 3585 2565 3651 φι-

360 3662 514 3726 λίαν
561 3660 640 3725 ab
674 3662 1067 3748 Empedocle
1111 3667 1269 3750 poni
1317 3674 1381 3729 et
1425 3674 1739 3750 tamquam
1784 3666 2165 3751 principium
2202 3686 2467 3730 movens
2503 3674 2568 3731 et

359 3775 675 3852 tamquam
732 3778 976 3851 partem
1021 3767 1303 3854 sphaeri,
1361 3765 1424 3831 id
1473 3777 1573 3831 est
1614 3778 1822 3832 autem
1869 3779 2180 3853 tamquam
2224 3772 2565 3834 materiam.

360 3869 618 3955 Quodsi
653 3870 1076 3935 concedamus
1112 3870 1377 3935 eandem
1409 3891 1540 3935 rem
1579 3881 1643 3935 et
1670 3874 1972 3936 materiae
2003 3873 2153 3952 (καὶ
2189 3868 2277 3948 ὡς
2309 3866 2428 3961 ὕλῃ
2460 3875 2565 3951 ῠ5,

360 3971 445 4038 de
486 3995 608 4058 qua
649 3974 1097 4040 emendatione
1138 3974 1215 4040 cf.
1255 3975 1418 4041 obs.
1456 3999 1518 4061 p.
1549 3978 1719 4055 106)
1766 3986 1832 4040 et
1873 3978 2137 4040 motoris
2173 3977 2347 4040 vices
2380 3978 2569 4041 susti-

358 4098 542 4156 nere,
587 4080 860 4144 notione
902 4090 1114 4145 tamen
1159 4078 1608 4168 distinguenda
1656 4081 1800 4156 erit,
1852 4091 1919 4145 et
1960 4082 2178 4166 quaeri
2224 4079 2566 4165 oportebit,

361 4192 498 4246 utra
556 4184 808 4247 ratione
867 4182 1081 4248 habita
1139 4185 1331 4272 φιλία
1388 4184 1454 4249 id
1514 4187 1597 4249 sit
1641 4183 1815 4269 quod
1860 4194 1984 4262 est,
2039 4182 2564 4269 quemadmodum

361 4305 553 4371 supra
587 4285 963 4352 Aristoteles
1008 4291 1320 4373 quaesivit
1361 4291 1422 4354 9.
1458 4288 1662 4352 10741)
1685 4290 1799 4353 37:
1844 4280 2014 4351 κατὰ
2059 4283 2341 4368 πότερον
2385 4282 2562 4369 αὐτῷ

360 4391 518 4471 (int.
565 4390 658 4473 τῷ
698 4392 838 4473 νῷ)
883 4387 959 4456 τὸ
1006 4381 1075 4457 εὖ
1117 4387 1424 4477 ὑπάρχεις
1470 4388 1621 4456 οὐδὲ
1663 4384 1792 4476 γὰρ
1837 4386 2041 4455 ταύτὸ
2084 4384 2161 4454 τὸ
2206 4384 2373 4454 εἶναι
2407 4384 2568 4468 νοή·

362 4511 462 4560 σει
500 4495 615 4560 καὶ
659 4498 1008 4581 νοουμένῳ.
1098 4496 1219 4576 (ῠὸ
1265 4490 1341 4562 τό
1385 4492 1446 4579 y’
1487 4488 1705 4562 εἶναι
1750 4491 1831 4560 οὐ
1872 4489 2094 4560 ταύτό.
2183 4494 2299 4558 His
2351 4491 2564 4557 verbis
