3109 5175
1138 398 1222 468 H
1261 394 1329 468 4.
1417 394 1604 469 1044
1619 419 1685 468 a.
2373 399 2508 472 371

303 572 358 637 A
388 572 447 636 4.
483 572 693 636 1015σ
720 573 778 636 7.
830 571 936 636 24.
971 570 1180 636 1⁰2&
1205 573 1314 636 27.
1381 572 1603 638 Veluti
1641 568 2021 662 φλέγματός
2062 577 2199 638 ἐστι
2241 572 2517 662 πρώτη

301 668 426 752 ὕλη
470 666 556 739 τὰ
600 674 838 758 γλυκέα
881 668 928 755 ἢ
970 670 1217 758 λιπαρά
1259 676 1392 739 κτλ.
1477 677 1682 741 Recte
1730 676 2091 742 Alexander
2134 700 2197 763 p.
2233 679 2384 756 525,
2427 680 2519 744 2⁰

303 798 443 842 voc.
475 772 700 864 πρώτη
731 777 1011 863 ‘explicat
1044 777 1292 843 addito:
1329 779 1442 844 καὶ
1475 776 1826 864 προσεχήςτ
1861 780 2135 870 intelligi
2170 787 2335 848 enim
2368 806 2517 870 pro-

301 883 523 945 ximam
569 885 893 946 materiam
940 904 1015 947 ex
1062 902 1142 947 eo
1189 885 1615 968 cognoscitur,
1662 885 1835 970 quod
1884 884 2117 950 deinde
2163 886 2317 952 dicit
2355 889 2517 952 hanc

300 987 567 1071 pituitae
614 995 679 1050 et
724 984 1035 1051 diversam
1081 984 1161 1049 ab
1209 1005 1284 1049 ea
1323 985 1466 1051 bilis
1501 992 1825 1054 materiam
1862 990 2136 1055 fortasse
2177 1013 2251 1058 ex
2288 991 2515 1057 iisdem

300 1088 662 1174 primordiis
708 1100 773 1154 et
817 1089 1146 1154 elementis
1199 1089 1580 1175 repetendas
1641 1113 1782 1156 esse
1839 1090 2034 1170 (ἴσως
2076 1096 2144 1160 δὲ
2190 1096 2403 1161 ταῦτα
2447 1101 2519 1160 ἐκ

299 1193 422 1256 τοῦ
477 1188 686 1257 ainos
730 1196 943 1276 ⁶19),
1000 1216 1160 1280 aqua
1218 1197 1535 1273 nimirum,
1593 1205 1757 1261 terra
1815 1195 1929 1261 rel.
2018 1199 2104 1261 Et
2146 1220 2516 1285 quamquam

300 1297 555 1360 minime
597 1295 1002 1382 probandum
1050 1308 1163 1377 est,
1207 1300 1382 1385 quod
1424 1300 1653 1364 eodem
1689 1300 2011 1366 vocabulo
2049 1304 2309 1388 πρῶτος
2346 1324 2518 1368 nunc

299 1420 454 1464 usus
512 1409 610 1464 est
664 1400 748 1465 ad
804 1400 1287 1488 significandam
1345 1407 1694 1487 proximam
1752 1407 2076 1470 materiam
2133 1404 2254 1484 (cf.
2304 1407 2517 1471 10446

303 1504 406 1582 16,
435 1504 551 1568 20:
596 1498 675 1569 τὸ
716 1506 1044 1591 πρῶτον
1084 1503 1404 1590 πάσχον),
1449 1530 1578 1594 quo
1610 1508 1831 1594 paullo
1864 1518 2029 1586 ante,
2066 1510 2219 1583 016,
2256 1512 2515 1593 primam

300 1617 366 1671 et
396 1609 877 1672 remotissimam
916 1608 1302 1695 significavit
1334 1614 1684 1675 materiam:
1723 1633 1798 1676 ea
1832 1621 2040 1676 tamen
2073 1619 2139 1674 et
2167 1631 2309 1675 voc.
2339 1613 2517 1698 πρῶ-

249 1733 414 1789 ,τος
460 1720 558 1775 est
602 1709 978 1799 ambiguitas
1026 1711 1147 1792 (cf.
1196 1711 1277 1776 ad
1318 1711 1373 1777 A
1407 1715 1468 1778 6.
1512 1716 1723 1780 101611
1758 1718 1885 1794 19)
1933 1723 1998 1780 et
2042 1712 2404 1781 Aristotelis
2448 1718 2516 1779 in

298 1813 641 1879 scribendo
685 1812 1114 1902 negligentia,
1173 1825 1244 1880 ut
1285 1835 1422 1880 non
1464 1828 1713 1903 putem,
1770 1839 1936 1903 quae
1982 1827 2081 1883 est
2123 1816 2516 1906 Schwegleri

299 1921 643 1996 sententia,
701 1929 1048 2004 propterea
1107 1941 1247 1984 cum
1305 1919 1449 1985 cod.
1495 1922 1587 1985 Ab
1634 1919 1983 1987 omittenda
2038 1941 2180 1985 esse
2229 1944 2332 1984 vv.
2380 1926 2520 1987 ἐστι

298 2017 523 2107 πρώτη
549 2018 710 2101 ὕλη.
761 2056 840 2072 -—
901 2021 1034 2088 Sed
1094 2025 1282 2088 etiam
1336 2025 1692 2109 peculiares
1750 2026 2050 2089 materiae
2104 2022 2322 2110 plures
2368 2045 2516 2110 pos·

298 2134 451 2191 sunt
509 2124 790 2191 eiusdem
847 2129 942 2190 rei
1002 2148 1170 2204 esse,
1227 2125 1426 2192 veluti
1482 2131 1754 2214 pituitae
1808 2130 2070 2192 materia
2131 2138 2197 2192 et
2249 2131 2517 2216 pinguia

300 2250 443 2295 esse
489 2242 764 2316 possunt
810 2240 875 2295 et
918 2228 1145 2309 dulcia,
1189 2233 1242 2294 si
1289 2229 1487 2296 altera
1528 2254 1605 2296 ex
1642 2231 1858 2298 alteris
1897 2234 2205 2310 oriantur,
2249 2234 2516 2319 pinguia

299 2333 448 2400 dico
482 2354 556 2399 ex
594 2333 907 2399 dulcibus.
979 2332 1121 2399 Alia
1166 2337 1352 2399 etiam
1398 2337 1652 2400 ratione
1699 2357 1779 2402 ex
1821 2335 1953 2400 bile
1994 2334 2123 2399 dici
2172 2344 2389 2421 potest
2424 2339 2517 2421 pi-

299 2441 458 2504 tuita
503 2436 678 2517 fieri,
727 2439 820 2521 τῷ
863 2433 1287 2503 ἀναλύεσθαι
1330 2442 1421 2514 εὶς
1464 2431 1586 2517 τὴν
1628 2434 1895 2525 πρώτην
1934 2433 2101 2518 ὕλην
2145 2432 2267 2518 τὴν
2304 2435 2518 2523 χολήν

298 2543 452 2620 ⁶22,
496 2542 555 2607 h.
592 2563 647 2608 e.
692 2544 782 2607 ita
826 2550 897 2606 ut
940 2540 1133 2607 bilem
1178 2544 1442 2628 primum
1487 2539 1833 2608 resolutam
1880 2563 2021 2609 esse
2057 2544 2409 2630 cogitemus
2447 2546 2517 2608 in

298 2650 499 2733 prima
559 2645 901 2723 elementa,
961 2667 1036 2711 ex
1095 2646 1326 2732 quibus
1384 2645 1619 2712 deinde
1663 2650 1967 2736 progigni
2012 2656 2230 2733 potest
2270 2649 2517 2733 pituita,

299 2750 380 2813 cf.
421 2753 575 2816 ³24.
667 2752 920 2816 Etenim
981 2770 1071 2815 ex
1129 2749 1405 2835 aliquo
1465 2771 1643 2815 esse
1702 2750 1929 2816 latiore
1985 2750 2217 2816 dicitur
2260 2749 2518 2827 ambitu,

297 2874 484 2940 quam
531 2877 716 2941 quem
762 2856 1063 2919 materiae
1108 2852 1302 2919 habet
1343 2856 1549 2931 notio,
1605 2854 1683 2918 cf.
1732 2852 1813 2918 ad
1860 2855 1915 2920 A
1950 2855 2302 2939 24;‘quum
2350 2856 2518 2918 enim

299 2956 536 3044 duplex
592 2962 678 3024 sit
723 2958 1078 3045 generandi
1122 2962 1254 3036 via,
1312 2957 1510 3022 altera
1555 2960 1804 3041 γένεσις
1847 2954 2030 3037 ἁπλῆ
2074 2978 2265 3043 quum
2311 2979 2346 3020 a
2393 2978 2518 3021 ma-

298 3065 459 3128 teria
505 3063 609 3127 vel
655 3082 692 3126 a
739 3061 1064 3128 deteriore
1107 3063 1311 3127 sonna
1358 3061 1437 3126 ad
1485 3060 1816 3127 definitum
1863 3080 2098 3147 corpus
2141 3059 2248 3125 vel
2286 3058 2367 3124 ad
2404 3081 2521 3145 po·

299 3168 529 3232 tiorem
567 3167 832 3232 formam
871 3166 1261 3255 proceditur,
1307 3165 1506 3231 altera
1550 3165 1901 3251 quae‘huic
1939 3175 2037 3228 est
2073 3167 2374 3251 opposita
2398 3166 2520 3246 ’γέ-

298 3289 475 3347 νεσις
516 3265 690 3336 κατὰ
733 3265 1176 3355 συμβεβηκός,
1233 3279 1500 3354 utraque
1553 3272 1807 3334 ratione
1852 3268 2117 3333 alterum
2164 3268 2400 3332 dicitur
2446 3289 2521 3331 ex

301 3371 505 3439 altero
541 3375 703 3453 fieri,
749 3375 830 3440 cf.
861 3375 1053 3459 Phys.
1087 3373 1118 3436 1
1155 3376 1217 3437 5.
1253 3372 1418 3436 lesa
1452 3374 1568 3437 15:
1611 3372 1723 3435 καὶ
1768 3367 1885 3455 οὐχ
1931 3368 1970 3436 ὁ
2016 3366 2217 3462 αὐτὸς
2259 3366 2520 3457 τρόπος,

300 3473 390 3553 ὡς
444 3477 728 3543 πλίνθοι
783 3476 853 3557 ἐξ
913 3480 1126 3552 οἰκίας
1178 3477 1293 3540 καὶ
1344 3477 1520 3540 οἰκία
1566 3478 1639 3537 ἐκ
1681 3474 2022 3551 πλίνθων,
2078 3469 2248 3539 οὕτω
2294 3474 2363 3537 δὲ
2407 3474 2520 3537 καὶ

299 3574 475 3666 ὕδωρ
532 3582 644 3645 καὶ
702 3575 834 3667 ἀὴρ
894 3576 964 3658 ἐξ
1020 3574 1325 3658 ἀλλήλων
1369 3579 1481 3643 καὶ
1527 3577 1652 3641 εἰσὶ
1695 3577 1809 3640 καὶ
1853 3578 2169 3658 γίνονται.
2260 3574 2378 3638 lua
2424 3596 2520 3640 ra·-

301 3686 480 3748 tione
526 3705 718 3770 quum
763 3683 843 3749 de
890 3683 1311 3772 generatione
1353 3701 1507 3746 vere
1551 3678 2011 3768 progrediente
2054 3681 2192 3743 sive
2235 3678 2523 3764 simplice

301 3789 549 3875 agimus
595 3783 740 3868 (ὅτι
776 3782 907 3873 πρὸ
946 3784 1109 3852 ὁδοῦ
1141 3788 1328 3851 ἔσται
1365 3785 1519 3864 α24,
1564 3784 1625 3848 h.
1657 3805 1714 3848 e.
1762 3778 1867 3848 ὅτι
1898 3784 2085 3849 ἔσται
2118 3784 2521 3867 προερχομέ-

299 3911 420 3971 νης
462 3892 583 3971 τῆς
626 3894 1006 3976 γενέσεως),
1061 3891 1351 3975 pituitam
1410 3889 1556 3955 fieri
1617 3887 1883 3953 dicimus
1942 3908 2017 3952 ex
2060 3885 2415 3973 pinguibus
2459 3893 2526 3948 et

303 3993 598 4061 dulcibus
633 3996 996 4070 elementis3
1032 3996 1159 4059 hoc
1195 4013 1386 4059 sensu
1425 4005 1498 4059 ut
1530 3990 1961 4079 intelligamus
1994 3983 2118 4069 τήν
2150 3982 2324 4055 κατὰ
2359 4009 2524 4073 συμ-

303 4093 590 4183 βεβηκὸς
631 4103 898 4184 γένεσιν,
944 4121 1134 4186 quum
1181 4097 1437 4186 quidem
1484 4119 1587 4163 res
1634 4094 1895 4160 definita
1941 4096 2009 4158 in
2049 4095 2372 4158 materiam
2417 4090 2524 4156 vel

302 4202 672 4268 inferiorem
715 4203 1032 4292 dignitate
1065 4202 1334 4268 formam
1370 4201 1714 4267 resolvitur
1756 4192 1904 4280 (ὅτι
1942 4195 2402 4270 ἀναλυθέντος
2438 4199 2530 4268 εὶς

302 4301 429 4386 τὴν
471 4303 902 4392 &qvir-⁶24)
959 4310 1248 4394 pituitam
1308 4329 1382 4371 ex
1439 4304 1575 4370 bile
1617 4305 1761 4370 fieri
1806 4302 2088 4368 dicimus.
2181 4297 2287 4363 Cf.
2335 4295 2415 4361 ad
2466 4299 2528 4362 l.

308 4412 514 4476 1⁰4²>
539 4414 601 4478 7.
636 4447 719 4463 —
766 4412 861 4477 Ex
907 4411 1130 4489 eadem
1177 4412 1438 4475 materia
1482 4417 1759 4494 possunt
1802 4404 2119 4471 interdum
2166 4424 2285 4489 per
2323 4401 2529 4465 diver-

305 4517 555 4581 sitatem
602 4536 832 4582 causae
876 4518 1224 4595 moventis,
1279 4513 1480 4579 veluti
1526 4514 1709 4590 artis,
1762 4510 2054 4576 diversae
2096 4527 2201 4573 res
2243 4503 2417 4581 fieri,
2465 4511 2530 4567 et

2010 4615 2120 4672 24·
