3109 5175
1182 381 1264 452 Λ
1313 376 1381 450 8.
1468 375 1736 451 1074α.
2414 379 2551 454 511

354 554 669 620 infinitum
702 562 913 619 motus
946 562 1189 619 tantum
1224 564 1435 619 motus
1472 575 1659 620 cansa
1694 553 2055 619 fieri.1am
2089 573 2245 618 vero
2275 575 2396 620 nec
2423 554 2560 641 plu-

356 681 457 723 res
503 668 653 724 sunt
693 657 991 752 planetae
1037 681 1222 745 quam
1269 679 1431 743 quos
1473 658 1759 736 diximus,
1803 678 1926 722 nec
1969 658 2187 743 plures
2233 678 2453 722 eorum
2497 668 2561 723 et

354 760 614 826 fixarum
662 760 982 825 stellarum
1029 771 1238 826 motus
1282 765 1437 847 poni
1485 771 1984 828 consentaneum
2031 771 2129 826 est
2174 762 2342 841 (huc
2394 764 2558 826 enim

353 865 631 951 pertinet
675 863 836 929 illud
883 857 1156 948 εὔλογον
1195 868 1392 942 α16),
1442 888 1628 952 quam
1687 887 1809 932 nos
1862 875 2374 931 astronomorum
2420 886 2561 930 sen-

354 970 552 1032 tentia
597 967 928 1032 emendata
974 972 1330 1053 posuimus3
1377 991 1538 1057 ergo
1586 990 1707 1035 nec
1745 972 1963 1056 plures
2001 968 2375 1034 statuendae
2414 977 2560 1033 sunt

353 1071 748 1137 substantiae
795 1082 1094 1137 aeternae
1139 1071 1514 1138 immobiles.

489 1177 665 1239 Haec
717 1175 1199 1262 argumentandi
1255 1181 1422 1240 ratio
1480 1179 1678 1262 petita
1736 1187 1833 1242 est
1892 1180 2042 1242 satis
2102 1179 2437 1264 perspicue
2476 1173 2558 1240 'ex

353 1288 576 1343 natura
621 1277 1011 1344 substantiae
1055 1291 1384 1358 aeternae,
1443 1302 1606 1365 quae
1663 1285 2024 1346 necessario
2070 1302 2258 1345 causa
2303 1282 2385 1344 sit
2427 1300 2561 1344 mo-

356 1392 474 1460 tuS,
521 1391 587 1446 et
631 1402 706 1445 ex
751 1391 973 1447 natura
1020 1380 1295 1461 lationis,
1342 1404 1506 1470 quae
1551 1405 1686 1448 non
1731 1389 1936 1472 possit
1974 1405 2111 1449 esse
2151 1386 2289 1448 sine
2325 1383 2558 1469 aliquo,

355 1484 530 1571 quod
576 1485 842 1562 feratur,
894 1505 1192 1571 corpore.
1280 1486 1409 1552 Sed
1456 1490 1522 1550 in
1567 1490 1724 1574 ipsis
1766 1489 1981 1553 verbis
2026 1498 2272 1553 restant
2312 1486 2558 1573 aliquae

354 1587 806 1654 difficultates.·
871 1589 1008 1651 014
1053 1583 1130 1654 τὸ
1173 1593 1293 1673 μὲν
1337 1581 1456 1656 οὖν
1498 1591 1773 1669 πλῆθος
1814 1594 1946 1657 τῶν
2001 1593 2394 1681 σφαιρῶν.
2484 1591 2558 1655 In

354 1692 637 1757 lectione
681 1693 983 1779 σφαιρῶν
1030 1715 1170 1757 cum
1216 1692 1390 1758 libris
1435 1715 1624 1758 manu
1669 1698 1919 1782 scriptis
1966 1698 2378 1759 consentiunt
2413 1692 2560 1758 Ale-

352 1794 593 1860 xander
624 1805 687 1859 et
711 1796 1126 1872 Themistius;
1163 1796 1520 1883 Simplicius
1557 1819 1714 1862 vero
1752 1796 1832 1861 ad
1869 1795 2010 1862 libr.
2049 1797 2129 1862 de
2162 1797 2325 1863 coel.
2355 1798 2416 1862 11
2455 1798 2557 1862 12.

353 1898 569 1964 Schol.
601 1899 768 1964 5020:
798 1899 882 1964 18
929 1900 1183 1964 exhibet
1225 1903 1531 1988 φορῶν,
1576 1911 1764 1987 atque
1805 1922 1940 1965 eam
1981 1901 2321 1970 lectionem
2360 1902 2559 1985 recipi

353 2001 537 2066 iubet
576 2002 845 2066 Krische
890 2002 931 2066 l.
965 2001 1007 2066 l.
1047 2025 1114 2089 p.
1142 2005 1291 2079 288,
1338 2024 1563 2091 magna
1612 2024 1766 2068 sane
1812 2027 1951 2068 cum
1998 2008 2215 2090 specie
2258 2006 2558 2068 veritatis.

354 2106 536 2169 Licet
583 2108 747 2169 enim
794 2105 1020 2170 eodem
1067 2125 1356 2188 numero,
1381 2117 1447 2172 et
1483 2108 1788 2193 sphaerae
1832 2107 2145 2172 coelestes
2187 2118 2252 2173 et
2286 2107 2559 2174 lationes

355 2208 630 2274 siderum
679 2219 1156 2296 computentur,
1214 2222 1422 2274 tamen
1470 2215 1963 2298 argumentatio,
2009 2234 2193 2297 quam
2242 2212 2344 2277 Ar.
2392 2210 2561 2276 ordi·

357 2323 484 2390 tur,
529 2315 615 2377 ita
664 2323 761 2377 est
804 2316 1001 2399 petita
1050 2336 1086 2379 e
1132 2325 1357 2378 natura
1403 2323 1467 2377 et
1509 2318 1782 2380 notione
1828 2317 2077 2402 φορᾶς,
2121 2325 2193 2380 ut
2235 2314 2559 2391 lationum,

354 2437 489 2481 non
546 2417 954 2503 sphaerarum
1011 2439 1339 2484 numerum
1390 2418 1492 2482 hic
1537 2420 2015 2485 commemorari
2061 2431 2558 2484 consentaneum

353 2525 451 2588 sit.
536 2521 804 2588 Accedit
849 2521 1023 2610 quod
1069 2545 1142 2588 ea
1188 2526 1330 2610 ipsa
1370 2523 1586 2601 verba,
1633 2544 1794 2610 quae
1837 2525 2122 2610 proxime
2166 2522 2559 2608 subsequun-

352 2638 481 2692 tur:
529 2623 691 2692 ὥστε
735 2629 846 2691 καὶ
893 2624 1015 2703 τας
1060 2625 1292 2704 οὐσίας
1333 2631 1444 2693 καὶ
1489 2622 1612 2703 τὰς
1656 2620 1867 2711 ἀρχὰς
1911 2619 2029 2702 τὰς
2065 2622 2411 2704 ἀκινήτους
2446 2627 2558 2691 καὶ

353 2724 495 2805 τοὶς
539 2723 960 2808 αἰσθητὰς
1002 2726 1332 2806 τοσαύτας
1376 2724 1649 2814 εὔλογον
1694 2728 1889 2808 εἶναι,
1939 2751 2075 2794 non
2118 2728 2420 2794 videntur
2462 2731 2558 2794 in-

353 2833 556 2921 telligi
616 2854 837 2919 posse,
891 2835 1014 2896 nisi
1043 2834 1300 2920 ἐφορῶν
1354 2855 1474 2919 pro
1528 2837 1833 2923 σφαιρῶν
1875 2836 2214 2919 receperis.
2305 2834 2558 2897 Etenim

352 2939 664 3025 principia
725 2935 1159 3001 sensibilia
1224 2957 1387 3022 quae
1449 2946 1722 3023 possunt
1785 2935 1907 3000 alia
1972 2937 2137 3000 dicta
2200 2956 2372 3014 esse,
2437 2940 2559 3003 nisi

353 3042 663 3127 sphaerae
715 3052 928 3106 motae
978 3040 1126 3106 illae
1175 3063 1209 3104 a
1255 3041 1607 3106 motor-ibus
1653 3039 2118 3107 immobilibus?
2208 3041 2293 3105 At
2334 3040 2560 3126 sphae-
2658 3039 2668 3050 ‘

354 3167 564 3211 rarum
641 3166 937 3210 numerus
1007 3166 1140 3210 non
1210 3156 1426 3232 potest
1498 3167 1615 3232 per
1684 3144 2054 3232 particulam
2130 3142 2557 3209 conclusivam

354 3245 520 3314 ὥστε
564 3252 1059 3326 commemorari,
1112 3252 1165 3313 si
1209 3249 1378 3314 idem
1424 3253 1545 3314 iam
1592 3252 1658 3314 in
1706 3250 1855 3316 colo
1900 3247 2319 3314 antecedente
2365 3250 2559 3336 signi-

354 3352 579 3417 ficatus
626 3363 740 3417 est.
785 3391 872 3402 —
914 3355 1049 3417 019
1096 3354 1190 3416 ἔτι
1233 3352 1301 3417 δὲ
1347 3354 1575 3417 πᾶσαν
1620 3349 1820 3439 φύσιν
1869 3355 1981 3417 καὶ
2039 3353 2265 3417 πᾶσαν
2323 3348 2559 3417 οὐσίαν

353 3453 602 3535 ἀπαθῆ
659 3457 770 3520 καὶ
824 3453 987 3520 καθ’
1027 3447 1235 3533 αὐτὴν
1288 3455 1408 3519 τοῦ
1464 3451 1739 3540 ἀρίστου
1797 3464 2217 3540 τετυχηκυῖαν
2274 3455 2558 3531 τέλους

354 3555 517 3625 εἶναι
562 3560 662 3623 δεῖ
703 3558 1006 3643 νομίζειν.
1083 3559 1258 3622 Haec
1306 3556 1496 3621 verba
1543 3560 1639 3621 uti
1678 3579 1847 3622 nunc
1883 3556 2259 3650 exhibentur
2295 3577 2428 3621 non
2465 3561 2559 3621 vi-

352 3662 584 3731 dentur
641 3661 823 3727 aliter
865 3683 1060 3748 posse
1105 3664 1511 3749 grammatice
1557 3660 1969 3737 conformari,
2028 3662 2150 3724 nisi
2196 3669 2266 3724 ut
2308 3656 2557 3739 ἀπαθῆ

350 3768 464 3832 καὶ
506 3763 672 3831 καθ’
712 3762 921 3846 αὑτήν
964 3787 1085 3853 pro
1129 3766 1424 3853 epithetis
1463 3764 1818 3829 habeantur
1854 3762 2260 3841 substantiae,
2307 3775 2371 3828 et
2410 3785 2557 3850 pro·

350 3873 510 3934 xima
547 3869 770 3934 verba:
816 3873 934 3935 τοῦ
977 3866 1255 3952 ἀρίστου
1296 3878 1713 3953 τετυχηκυῖαν
1746 3869 1970 3943 τέλους
2007 3889 2129 3953 pro
2166 3866 2555 3953 praedicato.

353 3975 438 4037 At
496 3975 963 4062 argumentatio
1022 3994 1153 4038 non
1209 3971 1376 4049 inde¹
1418 3975 1684 4058 petitur,
1741 3970 1915 4057 quod
1971 3971 2362 4037 substantiae
2403 3969 2555 4036 illae

350 4076 706 4142 immobiles
762 4079 941 4161 ipsae
997 4097 1178 4141 suum
1234 4088 1298 4145 et
1340 4079 1647 4162 optimum
1693 4074 1945 4162 quidem
1990 4075 2182 4141 finem
2226 4084 2555 4141 assecutae

350 4182 504 4257 sint,
550 4179 663 4243 sed
711 4179 884 4264 quod
932 4178 1069 4243 aliis
1114 4183 1240 4244 sint
1283 4200 1404 4266 pro
1450 4179 1583 4244 fine
1628 4183 1736 4265 qui
1782 4190 2133 4265 appetatur,
2183 4188 2425 4244 κινοῖεν
2468 4172 2555 4242 ἂν

352 4280 438 4357 ὡς
471 4285 656 4359 τέλος
691 4273 884 4347 οὖσαι
922 4284 1140 4370 φορᾶς
1174 4285 1327 4350 023.
1396 4282 1554 4347 Inde
1588 4281 1922 4369 probabile
1952 4282 2272 4347 videbitur
2298 4301 2420 4366 pro
2450 4282 2553 4343 τέ-

349 4386 503 4462 λους
547 4385 948 4451 scribendum
995 4408 1135 4451 esse
1173 4388 1431 4462 τέλοςε
1476 4387 1865 4452 substantiae
1904 4393 2221 4472 quotquot
2261 4382 2341 4446 ab
2379 4383 2553 4447 omni

348 4489 692 4555 affectione
738 4493 1044 4557 immunes
1092 4500 1157 4555 et
1199 4511 1315 4575 per
1357 4511 1427 4555 se
1475 4494 1753 4576 optimae
1797 4499 1973 4568 sunt,
2020 4509 2132 4554 eae
2179 4507 2401 4552 omnes
2447 4487 2553 4550 ha-
