<?xml version="1.0" encoding="UTF-8"?>
<!DOCTYPE html PUBLIC "-//W3C//DTD XHTML 1.0 Transitional//EN"
    "http://www.w3.org/TR/xhtml1/DTD/xhtml1-transitional.dtd">
<html xmlns="http://www.w3.org/1999/xhtml" xml:lang="en" lang="en">
 <head>
  <title>
</title>
<meta http-equiv="Content-Type" content="text/html;charset=utf-8" />
  <meta name='ocr-system' content='tesseract 3.04.00' />
  <meta name='ocr-capabilities' content='ocr_page ocr_carea ocr_par ocr_line ocrx_word'/>
</head>
<body>
  <div class='ocr_page' id='page_1' title='image "aristotelismeta01bonigoog_0227.png"; bbox 0 0 3109 5175; ppageno 0'>
   <div class='ocr_carea' id='block_1_1' title="bbox 1091 352 2540 450">
    <p class='ocr_par' dir='ltr' id='par_1_1' title="bbox 1091 352 2540 450">
     <span class='ocr_line' id='line_1_1' title="bbox 1091 352 2540 450; baseline 0.003 -24"><span class='ocrx_word' id='word_1_1' title='bbox 1091 443 1102 450; x_wconf 42' lang='grc'><strong>,</strong></span> <span class='ocrx_word' id='word_1_2' title='bbox 1178 352 1360 427; x_wconf 73' lang='lat' dir='ltr'>rs.</span> <span class='ocrx_word' id='word_1_3' title='bbox 1441 352 1711 429; x_wconf 70' lang='lat' dir='ltr'>loom».</span> <span class='ocrx_word' id='word_1_4' title='bbox 2401 354 2540 432; x_wconf 79' lang='lat'>201</span> 
     </span>
    </p>
   </div>
   <div class='ocr_carea' id='block_1_2' title="bbox 309 525 2559 4574">
    <p class='ocr_par' dir='ltr' id='par_1_2' title="bbox 309 525 2559 4574">
     <span class='ocr_line' id='line_1_2' title="bbox 473 525 2549 615; baseline 0.001 -19"><span class='ocrx_word' id='word_1_5' title='bbox 473 531 688 597; x_wconf 52' lang='grc' dir='ltr'>ΙΝ.</span> <span class='ocrx_word' id='word_1_6' title='bbox 708 529 799 597; x_wconf 85' lang='grc'>38</span> <span class='ocrx_word' id='word_1_7' title='bbox 830 525 1137 615; x_wconf 76' lang='grc' dir='ltr'>ὁμοίως</span> <span class='ocrx_word' id='word_1_8' title='bbox 1169 567 1249 583; x_wconf 88' lang='grc'><strong>-</strong></span> <span class='ocrx_word' id='word_1_9' title='bbox 1284 533 1495 599; x_wconf 76' lang='grc' dir='ltr'>1οΙοσ</span> <span class='ocrx_word' id='word_1_10' title='bbox 1525 533 1557 597; x_wconf 94' lang='lat' dir='ltr'>l</span> <span class='ocrx_word' id='word_1_11' title='bbox 1594 525 2029 611; x_wconf 71' lang='grc' dir='ltr'>ἀλήθειαν.</span> <span class='ocrx_word' id='word_1_12' title='bbox 2089 532 2335 598; x_wconf 79' lang='lat' dir='ltr'><strong>Pariter</strong></span> <span class='ocrx_word' id='word_1_13' title='bbox 2364 534 2549 598; x_wconf 81' lang='lat' dir='ltr'>etiam</span> 
     </span>
     <span class='ocr_line' id='line_1_3' title="bbox 341 632 2552 755; baseline 0.002 -56"><span class='ocrx_word' id='word_1_14' title='bbox 341 655 493 714; x_wconf 84' lang='lat' dir='ltr'>eos,</span> <span class='ocrx_word' id='word_1_15' title='bbox 549 636 659 720; x_wconf 92' lang='lat' dir='ltr'>qui</span> <span class='ocrx_word' id='word_1_16' title='bbox 716 632 1023 755; x_wconf 82' lang='lat' dir='ltr'>quidquid</span> <span class='ocrx_word' id='word_1_17' title='bbox 1079 637 1306 722; x_wconf 88' lang='lat' dir='ltr'>cuique</span> <span class='ocrx_word' id='word_1_18' title='bbox 1358 633 1654 701; x_wconf 75' lang='lat' dir='ltr'>videatur</span> <span class='ocrx_word' id='word_1_19' title='bbox 1706 634 1775 700; x_wconf 87' lang='lat' dir='ltr'>id</span> <span class='ocrx_word' id='word_1_20' title='bbox 1819 657 2037 700; x_wconf 82' lang='lat' dir='ltr'>verum</span> <span class='ocrx_word' id='word_1_21' title='bbox 2082 657 2224 701; x_wconf 88' lang='lat' dir='ltr'>esse</span> <span class='ocrx_word' id='word_1_22' title='bbox 2266 647 2552 703; x_wconf 83' lang='lat' dir='ltr'>statuunt</span> 
     </span>
     <span class='ocr_line' id='line_1_4' title="bbox 339 731 2549 828; baseline 0.001 -25"><span class='ocrx_word' id='word_1_23' title='bbox 339 735 426 820; x_wconf 86' lang='grc' dir='ltr'>(ἡ</span> <span class='ocrx_word' id='word_1_24' title='bbox 471 739 622 825; x_wconf 76' lang='grc' dir='ltr'>περὶ</span> <span class='ocrx_word' id='word_1_25' title='bbox 663 731 751 804; x_wconf 79' lang='grc' dir='ltr'>τὰ</span> <span class='ocrx_word' id='word_1_26' title='bbox 794 731 1170 828; x_wconf 71' lang='grc' dir='ltr'><strong><em>φαινόμενα</em></strong></span> <span class='ocrx_word' id='word_1_27' title='bbox 1212 734 1510 819; x_wconf 73' lang='grc' dir='ltr'><strong><em>ἀλήθεια</em></strong></span> <span class='ocrx_word' id='word_1_28' title='bbox 1543 741 1699 821; x_wconf 68' lang='lat' dir='ltr'>bl),</span> <span class='ocrx_word' id='word_1_29' title='bbox 1752 739 2143 805; x_wconf 77' lang='lat' dir='ltr'>sensibilium</span> <span class='ocrx_word' id='word_1_30' title='bbox 2189 761 2397 806; x_wconf 88' lang='lat' dir='ltr'>rerum</span> <span class='ocrx_word' id='word_1_31' title='bbox 2442 762 2549 805; x_wconf 86' lang='lat' dir='ltr'>na·</span> 
     </span>
     <span class='ocr_line' id='line_1_5' title="bbox 339 841 2550 909; baseline 0.001 -2"><span class='ocrx_word' id='word_1_32' title='bbox 339 852 484 907; x_wconf 88' lang='lat' dir='ltr'>tura</span> <span class='ocrx_word' id='word_1_33' title='bbox 539 844 607 907; x_wconf 90' lang='lat' dir='ltr'>in</span> <span class='ocrx_word' id='word_1_34' title='bbox 664 841 836 907; x_wconf 83' lang='lat' dir='ltr'>hunc</span> <span class='ocrx_word' id='word_1_35' title='bbox 892 862 1174 907; x_wconf 68' lang='lat' dir='ltr'>err-orm</span> <span class='ocrx_word' id='word_1_36' title='bbox 1224 842 1538 909; x_wconf 85' lang='lat' dir='ltr'>deductos</span> <span class='ocrx_word' id='word_1_37' title='bbox 1583 841 1755 908; x_wconf 88' lang='lat' dir='ltr'>dicit.</span> <span class='ocrx_word' id='word_1_38' title='bbox 1843 843 2157 909; x_wconf 82' lang='lat' dir='ltr'>Nimirum</span> <span class='ocrx_word' id='word_1_39' title='bbox 2200 842 2283 908; x_wconf 84' lang='lat' dir='ltr'>de</span> <span class='ocrx_word' id='word_1_40' title='bbox 2329 843 2550 909; x_wconf 82' lang='lat' dir='ltr'>eadem</span> 
     </span>
     <span class='ocr_line' id='line_1_6' title="bbox 339 944 2549 1033; baseline 0.001 -23"><span class='ocrx_word' id='word_1_41' title='bbox 339 966 415 1010; x_wconf 86' lang='lat' dir='ltr'>re</span> <span class='ocrx_word' id='word_1_42' title='bbox 474 944 765 1011; x_wconf 80' lang='lat' dir='ltr'>sensibili</span> <span class='ocrx_word' id='word_1_43' title='bbox 824 944 933 1010; x_wconf 86' lang='lat' dir='ltr'>alii</span> <span class='ocrx_word' id='word_1_44' title='bbox 990 944 1163 1011; x_wconf 84' lang='lat' dir='ltr'>aliud</span> <span class='ocrx_word' id='word_1_45' title='bbox 1219 956 1533 1025; x_wconf 78' lang='lat' dir='ltr'>statimnt,</span> <span class='ocrx_word' id='word_1_46' title='bbox 1588 950 1790 1012; x_wconf 80' lang='lat' dir='ltr'>secuti</span> <span class='ocrx_word' id='word_1_47' title='bbox 1835 945 1928 1012; x_wconf 89' lang='lat' dir='ltr'>illi</span> <span class='ocrx_word' id='word_1_48' title='bbox 1971 951 2210 1033; x_wconf 83' lang='lat' dir='ltr'>pariter</span> <span class='ocrx_word' id='word_1_49' title='bbox 2251 969 2549 1014; x_wconf 86' lang='lat' dir='ltr'>sensuum</span> 
     </span>
     <span class='ocr_line' id='line_1_7' title="bbox 341 1049 2553 1138; baseline 0.002 -24"><span class='ocrx_word' id='word_1_50' title='bbox 341 1052 825 1137; x_wconf 56' lang='lat' dir='ltr'>perceptionem</span> <span class='ocrx_word' id='word_1_51' title='bbox 885 1070 961 1114; x_wconf 79' lang='lat' dir='ltr'>ex</span> <span class='ocrx_word' id='word_1_52' title='bbox 1017 1049 1246 1136; x_wconf 89' lang='lat' dir='ltr'>quibus</span> <span class='ocrx_word' id='word_1_53' title='bbox 1303 1049 1454 1138; x_wconf 87' lang='lat' dir='ltr'>quid</span> <span class='ocrx_word' id='word_1_54' title='bbox 1498 1054 1580 1116; x_wconf 88' lang='lat' dir='ltr'>sit</span> <span class='ocrx_word' id='word_1_55' title='bbox 1620 1072 1864 1130; x_wconf 82' lang='lat' dir='ltr'>verum,</span> <span class='ocrx_word' id='word_1_56' title='bbox 1919 1072 2113 1137; x_wconf 85' lang='lat' dir='ltr'>quum</span> <span class='ocrx_word' id='word_1_57' title='bbox 2169 1072 2305 1117; x_wconf 86' lang='lat' dir='ltr'>non</span> <span class='ocrx_word' id='word_1_58' title='bbox 2347 1055 2553 1138; x_wconf 78' lang='lat' dir='ltr'>possit</span> 
     </span>
     <span class='ocr_line' id='line_1_8' title="bbox 338 1152 2553 1244; baseline 0.002 -27"><span class='ocrx_word' id='word_1_59' title='bbox 338 1155 587 1218; x_wconf 84' lang='lat' dir='ltr'>maiore</span> <span class='ocrx_word' id='word_1_60' title='bbox 623 1152 732 1218; x_wconf 82' lang='lat' dir='ltr'>vel</span> <span class='ocrx_word' id='word_1_61' title='bbox 769 1155 1018 1218; x_wconf 80' lang='lat' dir='ltr'>minore</span> <span class='ocrx_word' id='word_1_62' title='bbox 1052 1154 1537 1243; x_wconf 74' lang='lat' dir='ltr'>suffragantium</span> <span class='ocrx_word' id='word_1_63' title='bbox 1573 1159 1755 1242; x_wconf 84' lang='lat' dir='ltr'>quasi</span> <span class='ocrx_word' id='word_1_64' title='bbox 1792 1157 2061 1221; x_wconf 71' lang='lat' dir='ltr'>numero</span> <span class='ocrx_word' id='word_1_65' title='bbox 2100 1154 2376 1236; x_wconf 84' lang='lat' dir='ltr'>decerni,</span> <span class='ocrx_word' id='word_1_66' title='bbox 2418 1157 2553 1244; x_wconf 87' lang='lat' dir='ltr'>qui·</span> 
     </span>
     <span class='ocr_line' id='line_1_9' title="bbox 341 1255 2552 1346; baseline 0.002 -25"><span class='ocrx_word' id='word_1_67' title='bbox 341 1255 504 1322; x_wconf 88' lang='lat' dir='ltr'>libet</span> <span class='ocrx_word' id='word_1_68' title='bbox 548 1255 714 1321; x_wconf 87' lang='lat' dir='ltr'>idem</span> <span class='ocrx_word' id='word_1_69' title='bbox 755 1260 859 1322; x_wconf 79' lang='lat' dir='ltr'>ius</span> <span class='ocrx_word' id='word_1_70' title='bbox 902 1259 1187 1323; x_wconf 85' lang='lat' dir='ltr'>veritatis</span> <span class='ocrx_word' id='word_1_71' title='bbox 1231 1257 1354 1324; x_wconf 86' lang='lat' dir='ltr'>sibi</span> <span class='ocrx_word' id='word_1_72' title='bbox 1397 1257 1693 1337; x_wconf 77' lang='lat' dir='ltr'>vindicat,</span> <span class='ocrx_word' id='word_1_73' title='bbox 1738 1268 1804 1324; x_wconf 88' lang='lat' dir='ltr'>et</span> <span class='ocrx_word' id='word_1_74' title='bbox 1844 1257 2154 1346; x_wconf 87' lang='lat' dir='ltr'>quidquid</span> <span class='ocrx_word' id='word_1_75' title='bbox 2198 1262 2427 1345; x_wconf 83' lang='lat' dir='ltr'>cuique</span> <span class='ocrx_word' id='word_1_76' title='bbox 2461 1262 2552 1326; x_wconf 84' lang='lat' dir='ltr'>vi-</span> 
     </span>
     <span class='ocr_line' id='line_1_10' title="bbox 343 1358 2553 1445; baseline 0.001 -19"><span class='ocrx_word' id='word_1_77' title='bbox 343 1358 548 1440; x_wconf 84' lang='lat' dir='ltr'>detur,</span> <span class='ocrx_word' id='word_1_78' title='bbox 601 1360 672 1426; x_wconf 86' lang='lat' dir='ltr'>id</span> <span class='ocrx_word' id='word_1_79' title='bbox 714 1382 936 1427; x_wconf 84' lang='lat' dir='ltr'>verum</span> <span class='ocrx_word' id='word_1_80' title='bbox 982 1382 1124 1426; x_wconf 83' lang='lat' dir='ltr'>esse</span> <span class='ocrx_word' id='word_1_81' title='bbox 1165 1361 1572 1428; x_wconf 78' lang='lat' dir='ltr'>statuendum</span> <span class='ocrx_word' id='word_1_82' title='bbox 1620 1374 1733 1428; x_wconf 81' lang='lat' dir='ltr'>est.</span> <span class='ocrx_word' id='word_1_83' title='bbox 1824 1364 1971 1445; x_wconf 88' lang='lat' dir='ltr'>(De</span> <span class='ocrx_word' id='word_1_84' title='bbox 2012 1363 2369 1430; x_wconf 75' lang='lat' dir='ltr'>Democriti</span> <span class='ocrx_word' id='word_1_85' title='bbox 2410 1385 2553 1428; x_wconf 88' lang='lat' dir='ltr'>sen·</span> 
     </span>
     <span class='ocr_line' id='line_1_11' title="bbox 344 1463 2554 1553; baseline 0.001 -23"><span class='ocrx_word' id='word_1_86' title='bbox 344 1467 546 1531; x_wconf 87' lang='lat' dir='ltr'>tentia</span> <span class='ocrx_word' id='word_1_87' title='bbox 580 1467 708 1531; x_wconf 69' lang='lat'>⁶11</span> <span class='ocrx_word' id='word_1_88' title='bbox 751 1465 834 1530; x_wconf 82' lang='lat' dir='ltr'>cf.</span> <span class='ocrx_word' id='word_1_89' title='bbox 859 1463 1148 1531; x_wconf 80' lang='lat' dir='ltr'>Mullach</span> <span class='ocrx_word' id='word_1_90' title='bbox 1174 1466 1476 1532; x_wconf 80' lang='lat' dir='ltr'>Democr.</span> <span class='ocrx_word' id='word_1_91' title='bbox 1509 1489 1576 1553; x_wconf 89' lang='lat' dir='ltr'>p.</span> <span class='ocrx_word' id='word_1_92' title='bbox 1609 1469 1799 1548; x_wconf 78' lang='lat'>415.)</span> <span class='ocrx_word' id='word_1_93' title='bbox 1865 1467 2033 1532; x_wconf 83' lang='lat' dir='ltr'>Huic</span> <span class='ocrx_word' id='word_1_94' title='bbox 2073 1468 2304 1532; x_wconf 81' lang='lat' dir='ltr'>rationi</span> <span class='ocrx_word' id='word_1_95' title='bbox 2341 1490 2378 1532; x_wconf 83' lang='lat' dir='ltr'>a</span> <span class='ocrx_word' id='word_1_96' title='bbox 2417 1489 2554 1533; x_wconf 86' lang='lat' dir='ltr'>sce-</span> 
     </span>
     <span class='ocr_line' id='line_1_12' title="bbox 309 1568 2549 1658; baseline 0.004 -30"><span class='ocrx_word' id='word_1_97' title='bbox 309 1572 530 1657; x_wconf 63' lang='lat' dir='ltr'>,pacis</span> <span class='ocrx_word' id='word_1_98' title='bbox 585 1568 991 1656; x_wconf 78' lang='lat' dir='ltr'>philosophis</span> <span class='ocrx_word' id='word_1_99' title='bbox 1048 1572 1223 1635; x_wconf 82' lang='lat' dir='ltr'>omni</span> <span class='ocrx_word' id='word_1_100' title='bbox 1279 1579 1570 1656; x_wconf 85' lang='lat' dir='ltr'>tempore</span> <span class='ocrx_word' id='word_1_101' title='bbox 1626 1570 1891 1637; x_wconf 88' lang='lat' dir='ltr'>multum</span> <span class='ocrx_word' id='word_1_102' title='bbox 1943 1570 2381 1658; x_wconf 72' lang='lat' dir='ltr'>frequentatae</span> <span class='ocrx_word' id='word_1_103' title='bbox 2428 1572 2549 1652; x_wconf 84' lang='lat' dir='ltr'>(cf.</span> 
     </span>
     <span class='ocr_line' id='line_1_13' title="bbox 344 1673 2551 1761; baseline 0 -21"><span class='ocrx_word' id='word_1_104' title='bbox 344 1674 518 1740; x_wconf 82' lang='lat' dir='ltr'>Sext.</span> <span class='ocrx_word' id='word_1_105' title='bbox 563 1674 743 1760; x_wconf 83' lang='lat' dir='ltr'>Emp.</span> <span class='ocrx_word' id='word_1_106' title='bbox 791 1674 1018 1760; x_wconf 70' lang='lat' dir='ltr'>Pyrrh.</span> <span class='ocrx_word' id='word_1_107' title='bbox 1064 1674 1220 1761; x_wconf 82' lang='lat' dir='ltr'>hyp.</span> <span class='ocrx_word' id='word_1_108' title='bbox 1264 1675 1296 1739; x_wconf 88' lang='lat'><em>1</em></span> <span class='ocrx_word' id='word_1_109' title='bbox 1340 1676 1430 1739; x_wconf 80' lang='lat'>40</span> <span class='ocrx_word' id='word_1_110' title='bbox 1472 1679 1649 1760; x_wconf 86' lang='lat' dir='ltr'>sqq.)</span> <span class='ocrx_word' id='word_1_111' title='bbox 1707 1674 1893 1740; x_wconf 84' lang='lat' dir='ltr'>aliam</span> <span class='ocrx_word' id='word_1_112' title='bbox 1950 1674 2131 1741; x_wconf 77' lang='lat' dir='ltr'>addit</span> <span class='ocrx_word' id='word_1_113' title='bbox 2171 1673 2551 1741; x_wconf 83' lang='lat' dir='ltr'>Aristoteles</span> 
     </span>
     <span class='ocr_line' id='line_1_14' title="bbox 342 1776 2552 1866; baseline 0.001 -23"><span class='ocrx_word' id='word_1_114' title='bbox 342 1780 545 1866; x_wconf 83' lang='lat' dir='ltr'>magis</span> <span class='ocrx_word' id='word_1_115' title='bbox 588 1777 1030 1843; x_wconf 84' lang='lat' dir='ltr'>universalem.</span> <span class='ocrx_word' id='word_1_116' title='bbox 1105 1777 1381 1844; x_wconf 82' lang='lat' dir='ltr'>Veteres</span> <span class='ocrx_word' id='word_1_117' title='bbox 1425 1776 1813 1865; x_wconf 79' lang='lat' dir='ltr'>philosophi,</span> <span class='ocrx_word' id='word_1_118' title='bbox 1860 1782 1966 1861; x_wconf 85' lang='lat' dir='ltr'>ait,</span> <span class='ocrx_word' id='word_1_119' title='bbox 2008 1778 2176 1845; x_wconf 86' lang='lat' dir='ltr'>idem</span> <span class='ocrx_word' id='word_1_120' title='bbox 2223 1801 2362 1845; x_wconf 88' lang='lat' dir='ltr'>esse</span> <span class='ocrx_word' id='word_1_121' title='bbox 2408 1799 2552 1846; x_wconf 80' lang='lat' dir='ltr'>cen-</span> 
     </span>
     <span class='ocr_line' id='line_1_15' title="bbox 345 1877 2551 1975; baseline 0.001 -27"><span class='ocrx_word' id='word_1_122' title='bbox 345 1892 612 1948; x_wconf 87' lang='lat' dir='ltr'>suerunt</span> <span class='ocrx_word' id='word_1_123' title='bbox 654 1880 982 1962; x_wconf 68' lang='grc' dir='ltr'>αἴσθησιν</span> <span class='ocrx_word' id='word_1_124' title='bbox 1023 1902 1101 1945; x_wconf 84' lang='lat' dir='ltr'>ac</span> <span class='ocrx_word' id='word_1_125' title='bbox 1144 1877 1497 1968; x_wconf 63' lang='grc' dir='ltr'>φρόνησιν.</span> <span class='ocrx_word' id='word_1_126' title='bbox 1566 1887 1740 1969; x_wconf 82' lang='lat' dir='ltr'>atqui</span> <span class='ocrx_word' id='word_1_127' title='bbox 1795 1879 2147 1975; x_wconf 72' lang='grc' dir='ltr'><strong><em>φρόνησις,</em></strong></span> <span class='ocrx_word' id='word_1_128' title='bbox 2202 1883 2331 1948; x_wconf 85' lang='lat' dir='ltr'>hoc</span> <span class='ocrx_word' id='word_1_129' title='bbox 2386 1887 2551 1950; x_wconf 89' lang='lat' dir='ltr'>enim</span> 
     </span>
     <span class='ocr_line' id='line_1_16' title="bbox 344 1984 2554 2074; baseline 0 -22"><span class='ocrx_word' id='word_1_130' title='bbox 344 1998 660 2074; x_wconf 77' lang='lat' dir='ltr'>tamquam</span> <span class='ocrx_word' id='word_1_131' title='bbox 703 1997 928 2053; x_wconf 90' lang='lat' dir='ltr'>notum</span> <span class='ocrx_word' id='word_1_132' title='bbox 971 2008 1046 2051; x_wconf 84' lang='lat' dir='ltr'>ex</span> <span class='ocrx_word' id='word_1_133' title='bbox 1081 1984 1226 2050; x_wconf 89' lang='lat' dir='ltr'>aliis</span> <span class='ocrx_word' id='word_1_134' title='bbox 1254 1985 1618 2051; x_wconf 83' lang='lat' dir='ltr'>Aristotelis</span> <span class='ocrx_word' id='word_1_135' title='bbox 1662 1987 1841 2054; x_wconf 86' lang='lat' dir='ltr'>libris</span> <span class='ocrx_word' id='word_1_136' title='bbox 1885 1985 2245 2052; x_wconf 84' lang='lat' dir='ltr'>addendum</span> <span class='ocrx_word' id='word_1_137' title='bbox 2291 1998 2402 2066; x_wconf 81' lang='lat' dir='ltr'>est,</span> <span class='ocrx_word' id='word_1_138' title='bbox 2446 2009 2554 2053; x_wconf 79' lang='lat' dir='ltr'>ve·</span> 
     </span>
     <span class='ocr_line' id='line_1_17' title="bbox 344 2089 2552 2178; baseline 0.001 -23"><span class='ocrx_word' id='word_1_139' title='bbox 344 2090 464 2155; x_wconf 90' lang='lat' dir='ltr'>luti</span> <span class='ocrx_word' id='word_1_140' title='bbox 495 2089 640 2155; x_wconf 84' lang='lat' dir='ltr'>Eth&#39;.</span> <span class='ocrx_word' id='word_1_141' title='bbox 671 2091 756 2157; x_wconf 89' lang='lat' dir='ltr'>N.</span> <span class='ocrx_word' id='word_1_142' title='bbox 787 2090 883 2155; x_wconf 86' lang='lat' dir='ltr'>vl</span> <span class='ocrx_word' id='word_1_143' title='bbox 912 2092 977 2157; x_wconf 88' lang='grc'>3.</span> <span class='ocrx_word' id='word_1_144' title='bbox 1013 2090 1214 2156; x_wconf 74' lang='grc' dir='ltr'><strong>113Θό</strong></span> <span class='ocrx_word' id='word_1_145' title='bbox 1241 2091 1345 2170; x_wconf 79' lang='grc'>16,</span> <span class='ocrx_word' id='word_1_146' title='bbox 1386 2091 1455 2174; x_wconf 84' lang='lat' dir='ltr'>in</span> <span class='ocrx_word' id='word_1_147' title='bbox 1495 2092 1580 2156; x_wconf 86' lang='lat' dir='ltr'>iis</span> <span class='ocrx_word' id='word_1_148' title='bbox 1624 2104 1724 2157; x_wconf 84' lang='lat' dir='ltr'>est</span> <span class='ocrx_word' id='word_1_149' title='bbox 1764 2094 1952 2156; x_wconf 87' lang='lat' dir='ltr'>animi</span> <span class='ocrx_word' id='word_1_150' title='bbox 1987 2090 2345 2170; x_wconf 78' lang='lat' dir='ltr'>virtutibus,</span> <span class='ocrx_word' id='word_1_151' title='bbox 2388 2113 2552 2178; x_wconf 83' lang='lat' dir='ltr'>quae</span> 
     </span>
     <span class='ocr_line' id='line_1_18' title="bbox 346 2185 2554 2286; baseline 0.001 -27"><span class='ocrx_word' id='word_1_152' title='bbox 346 2204 627 2260; x_wconf 83' lang='lat' dir='ltr'>exemtae</span> <span class='ocrx_word' id='word_1_153' title='bbox 684 2185 765 2260; x_wconf 84' lang='lat' dir='ltr'>ab</span> <span class='ocrx_word' id='word_1_154' title='bbox 825 2217 1044 2262; x_wconf 84' lang='lat' dir='ltr'>errore</span> <span class='ocrx_word' id='word_1_155' title='bbox 1102 2196 1289 2260; x_wconf 88' lang='lat' dir='ltr'>unice</span> <span class='ocrx_word' id='word_1_156' title='bbox 1332 2216 1551 2260; x_wconf 84' lang='lat' dir='ltr'>verum</span> <span class='ocrx_word' id='word_1_157' title='bbox 1601 2204 2023 2286; x_wconf 66' lang='lat' dir='ltr'>cognoscum</span> <span class='ocrx_word' id='word_1_158' title='bbox 2082 2192 2402 2274; x_wconf 60' lang='grc' dir='ltr'>αἴσθησις</span> <span class='ocrx_word' id='word_1_159' title='bbox 2445 2216 2554 2261; x_wconf 84' lang='lat' dir='ltr'>au·</span> 
     </span>
     <span class='ocr_line' id='line_1_19' title="bbox 345 2293 2553 2379; baseline 0.001 -17"><span class='ocrx_word' id='word_1_160' title='bbox 345 2309 474 2363; x_wconf 85' lang='lat' dir='ltr'>tem</span> <span class='ocrx_word' id='word_1_161' title='bbox 518 2298 853 2366; x_wconf 73' lang='lat' dir='ltr'>conficitur</span> <span class='ocrx_word' id='word_1_162' title='bbox 889 2293 1236 2365; x_wconf 75' lang='grc' dir='ltr'><strong><em>ἀλλοιώσει</em></strong></span> <span class='ocrx_word' id='word_1_163' title='bbox 1278 2299 1402 2379; x_wconf 77' lang='lat' dir='ltr'>(cf.</span> <span class='ocrx_word' id='word_1_164' title='bbox 1439 2298 1526 2365; x_wconf 88' lang='lat' dir='ltr'>de</span> <span class='ocrx_word' id='word_1_165' title='bbox 1560 2304 1825 2370; x_wconf 85' lang='lat' dir='ltr'>somniis</span> <span class='ocrx_word' id='word_1_166' title='bbox 1861 2303 1923 2366; x_wconf 75' lang='lat'>2.</span> <span class='ocrx_word' id='word_1_167' title='bbox 1964 2301 2122 2367; x_wconf 76' lang='lat'>459⁶</span> <span class='ocrx_word' id='word_1_168' title='bbox 2150 2300 2209 2379; x_wconf 85' lang='grc'>4,</span> <span class='ocrx_word' id='word_1_169' title='bbox 2254 2298 2335 2363; x_wconf 82' lang='lat' dir='ltr'>de</span> <span class='ocrx_word' id='word_1_170' title='bbox 2375 2310 2553 2365; x_wconf 87' lang='lat' dir='ltr'>motu</span> 
     </span>
     <span class='ocr_line' id='line_1_20' title="bbox 345 2400 2550 2485; baseline 0 -18"><span class='ocrx_word' id='word_1_171' title='bbox 345 2423 449 2467; x_wconf 87' lang='lat' dir='ltr'>an.</span> <span class='ocrx_word' id='word_1_172' title='bbox 496 2406 555 2471; x_wconf 87' lang='lat'>7.</span> <span class='ocrx_word' id='word_1_173' title='bbox 603 2404 761 2469; x_wconf 71' lang='lat'>701⁶</span> <span class='ocrx_word' id='word_1_174' title='bbox 797 2405 902 2469; x_wconf 80' lang='lat'>16.</span> <span class='ocrx_word' id='word_1_175' title='bbox 968 2403 1051 2469; x_wconf 91' lang='lat' dir='ltr'>de</span> <span class='ocrx_word' id='word_1_176' title='bbox 1095 2424 1198 2468; x_wconf 88' lang='lat' dir='ltr'>an.</span> <span class='ocrx_word' id='word_1_177' title='bbox 1231 2402 1296 2469; x_wconf 87' lang='lat'>11</span> <span class='ocrx_word' id='word_1_178' title='bbox 1339 2406 1401 2484; x_wconf 74' lang='grc' dir='ltr'>Ι5.</span> <span class='ocrx_word' id='word_1_179' title='bbox 1448 2405 1609 2471; x_wconf 70' lang='lat'><strong>4171»</strong></span> <span class='ocrx_word' id='word_1_180' title='bbox 1644 2406 1732 2471; x_wconf 81' lang='lat'>34</span> <span class='ocrx_word' id='word_1_181' title='bbox 1779 2415 1844 2470; x_wconf 89' lang='lat' dir='ltr'>et</span> <span class='ocrx_word' id='word_1_182' title='bbox 1883 2402 2188 2471; x_wconf 87' lang='lat' dir='ltr'>Trendel.</span> <span class='ocrx_word' id='word_1_183' title='bbox 2234 2400 2316 2468; x_wconf 87' lang='lat' dir='ltr'>ad</span> <span class='ocrx_word' id='word_1_184' title='bbox 2361 2404 2422 2468; x_wconf 92' lang='lat' dir='ltr'>h.</span> <span class='ocrx_word' id='word_1_185' title='bbox 2466 2402 2550 2485; x_wconf 91' lang='lat'>1.)</span> 
     </span>
     <span class='ocr_line' id='line_1_21' title="bbox 347 2507 2553 2596; baseline 0 -23"><span class='ocrx_word' id='word_1_186' title='bbox 347 2507 408 2573; x_wconf 83' lang='lat' dir='ltr'>h.</span> <span class='ocrx_word' id='word_1_187' title='bbox 441 2530 497 2572; x_wconf 90' lang='lat' dir='ltr'>e.</span> <span class='ocrx_word' id='word_1_188' title='bbox 545 2511 895 2574; x_wconf 77' lang='lat' dir='ltr'>mutatione</span> <span class='ocrx_word' id='word_1_189' title='bbox 942 2516 1009 2571; x_wconf 88' lang='lat' dir='ltr'>et</span> <span class='ocrx_word' id='word_1_190' title='bbox 1050 2523 1260 2572; x_wconf 87' lang='lat' dir='ltr'>rerum</span> <span class='ocrx_word' id='word_1_191' title='bbox 1305 2520 1747 2596; x_wconf 83' lang='lat' dir='ltr'>perceptarum</span> <span class='ocrx_word' id='word_1_192' title='bbox 1788 2519 1854 2574; x_wconf 88' lang='lat' dir='ltr'>et</span> <span class='ocrx_word' id='word_1_193' title='bbox 1887 2530 2111 2575; x_wconf 85' lang='lat' dir='ltr'>sensus</span> <span class='ocrx_word' id='word_1_194' title='bbox 2146 2509 2553 2596; x_wconf 77' lang='lat' dir='ltr'>percipientis</span> 
     </span>
     <span class='ocr_line' id='line_1_22' title="bbox 348 2612 2554 2699; baseline 0.001 -23"><span class='ocrx_word' id='word_1_195' title='bbox 348 2622 413 2676; x_wconf 91' lang='lat' dir='ltr'>et</span> <span class='ocrx_word' id='word_1_196' title='bbox 457 2615 781 2699; x_wconf 84' lang='lat' dir='ltr'>utriusque</span> <span class='ocrx_word' id='word_1_197' title='bbox 823 2615 1003 2678; x_wconf 82' lang='lat' dir='ltr'>vario</span> <span class='ocrx_word' id='word_1_198' title='bbox 1051 2633 1385 2679; x_wconf 81' lang='lat' dir='ltr'>concursu.</span> <span class='ocrx_word' id='word_1_199' title='bbox 1475 2612 1636 2680; x_wconf 84' lang='lat' dir='ltr'>lude</span> <span class='ocrx_word' id='word_1_200' title='bbox 1683 2614 1983 2693; x_wconf 80' lang='lat' dir='ltr'>efficitur,</span> <span class='ocrx_word' id='word_1_201' title='bbox 2035 2623 2106 2679; x_wconf 87' lang='lat' dir='ltr'>ut</span> <span class='ocrx_word' id='word_1_202' title='bbox 2148 2615 2257 2699; x_wconf 89' lang='lat' dir='ltr'>qui</span> <span class='ocrx_word' id='word_1_203' title='bbox 2302 2612 2554 2694; x_wconf 67' lang='grc' dir='ltr'><strong><em>αἴσθη-</em></strong></span> 
     </span>
     <span class='ocr_line' id='line_1_23' title="bbox 347 2711 2555 2807; baseline 0 -26"><span class='ocrx_word' id='word_1_204' title='bbox 347 2737 456 2782; x_wconf 77' lang='grc' dir='ltr'>σιν</span> <span class='ocrx_word' id='word_1_205' title='bbox 498 2716 666 2781; x_wconf 82' lang='lat' dir='ltr'>idem</span> <span class='ocrx_word' id='word_1_206' title='bbox 712 2736 854 2781; x_wconf 86' lang='lat' dir='ltr'>esse</span> <span class='ocrx_word' id='word_1_207' title='bbox 898 2726 1204 2781; x_wconf 85' lang='lat' dir='ltr'>censeant</span> <span class='ocrx_word' id='word_1_208' title='bbox 1244 2739 1324 2782; x_wconf 87' lang='lat' dir='ltr'>ac</span> <span class='ocrx_word' id='word_1_209' title='bbox 1364 2711 1711 2807; x_wconf 78' lang='grc' dir='ltr'><strong><em>φρόνησιν,</em></strong></span> <span class='ocrx_word' id='word_1_210' title='bbox 1762 2720 1822 2798; x_wconf 91' lang='lat' dir='ltr'>ii,</span> <span class='ocrx_word' id='word_1_211' title='bbox 1867 2738 2279 2805; x_wconf 67' lang='lat' dir='ltr'>quaecunque</span> <span class='ocrx_word' id='word_1_212' title='bbox 2322 2720 2391 2782; x_wconf 88' lang='lat' dir='ltr'>in</span> <span class='ocrx_word' id='word_1_213' title='bbox 2433 2717 2555 2782; x_wconf 85' lang='lat' dir='ltr'>bac</span> 
     </span>
     <span class='ocr_line' id='line_1_24' title="bbox 344 2805 2553 2910; baseline 0 -25"><span class='ocrx_word' id='word_1_214' title='bbox 344 2842 554 2885; x_wconf 88' lang='lat' dir='ltr'>rerum</span> <span class='ocrx_word' id='word_1_215' title='bbox 598 2842 675 2886; x_wconf 81' lang='lat' dir='ltr'>ac</span> <span class='ocrx_word' id='word_1_216' title='bbox 718 2841 1017 2887; x_wconf 85' lang='lat' dir='ltr'>sensuum</span> <span class='ocrx_word' id='word_1_217' title='bbox 1063 2824 1412 2886; x_wconf 85' lang='lat' dir='ltr'>mutatione</span> <span class='ocrx_word' id='word_1_218' title='bbox 1456 2821 1817 2888; x_wconf 80' lang='lat' dir='ltr'>offeruntur</span> <span class='ocrx_word' id='word_1_219' title='bbox 1858 2825 2134 2910; x_wconf 88' lang='lat' dir='ltr'>species,</span> <span class='ocrx_word' id='word_1_220' title='bbox 2179 2842 2287 2886; x_wconf 82' lang='lat' dir='ltr'>eas</span> <span class='ocrx_word' id='word_1_221' title='bbox 2330 2805 2553 2886; x_wconf 73' lang='lat' dir='ltr'>omnes</span> 
     </span>
     <span class='ocr_line' id='line_1_25' title="bbox 348 2922 2551 3011; baseline -0 -22"><span class='ocrx_word' id='word_1_222' title='bbox 348 2945 466 3010; x_wconf 85' lang='lat' dir='ltr'>pro</span> <span class='ocrx_word' id='word_1_223' title='bbox 513 2928 679 2990; x_wconf 81' lang='lat' dir='ltr'>veris</span> <span class='ocrx_word' id='word_1_224' title='bbox 722 2923 1019 2989; x_wconf 83' lang='lat' dir='ltr'>babeant.</span> <span class='ocrx_word' id='word_1_225' title='bbox 1112 2924 1206 2988; x_wconf 81' lang='lat' dir='ltr'>Ac</span> <span class='ocrx_word' id='word_1_226' title='bbox 1251 2922 1445 2989; x_wconf 77' lang='lat' dir='ltr'>fuisse</span> <span class='ocrx_word' id='word_1_227' title='bbox 1489 2926 1742 3011; x_wconf 86' lang='lat' dir='ltr'>quidem</span> <span class='ocrx_word' id='word_1_228' title='bbox 1788 2930 1856 2991; x_wconf 91' lang='lat' dir='ltr'>in</span> <span class='ocrx_word' id='word_1_229' title='bbox 1904 2947 1977 2990; x_wconf 82' lang='lat' dir='ltr'>ea</span> <span class='ocrx_word' id='word_1_230' title='bbox 2031 2927 2369 3011; x_wconf 83' lang='lat' dir='ltr'>opinione,</span> <span class='ocrx_word' id='word_1_231' title='bbox 2426 2943 2551 3010; x_wconf 88' lang='lat' dir='ltr'>qua</span> 
     </span>
     <span class='ocr_line' id='line_1_26' title="bbox 347 3024 2554 3118; baseline -0 -25"><span class='ocrx_word' id='word_1_232' title='bbox 347 3025 671 3108; x_wconf 71' lang='grc' dir='ltr'>αἴσθησις</span> <span class='ocrx_word' id='word_1_233' title='bbox 713 3038 780 3093; x_wconf 88' lang='lat' dir='ltr'>et</span> <span class='ocrx_word' id='word_1_234' title='bbox 822 3024 1146 3118; x_wconf 78' lang='grc' dir='ltr'><em>φρόνησις</em></span> <span class='ocrx_word' id='word_1_235' title='bbox 1191 3028 1695 3109; x_wconf 80' lang='lat' dir='ltr'>confundantur,</span> <span class='ocrx_word' id='word_1_236' title='bbox 1744 3028 2195 3117; x_wconf 71' lang='lat' dir='ltr'>Empedoclem</span> <span class='ocrx_word' id='word_1_237' title='bbox 2239 3028 2554 3093; x_wconf 82' lang='lat' dir='ltr'>Parmeni-</span> 
     </span>
     <span class='ocr_line' id='line_1_27' title="bbox 348 3129 2554 3220; baseline 0 -24"><span class='ocrx_word' id='word_1_238' title='bbox 348 3129 493 3196; x_wconf 86' lang='lat' dir='ltr'>dem</span> <span class='ocrx_word' id='word_1_239' title='bbox 520 3133 981 3219; x_wconf 80' lang='lat' dir='ltr'>Anaxagoram,</span> <span class='ocrx_word' id='word_1_240' title='bbox 1024 3129 1280 3197; x_wconf 86' lang='lat' dir='ltr'>illorum</span> <span class='ocrx_word' id='word_1_241' title='bbox 1315 3134 1627 3215; x_wconf 77' lang='lat' dir='ltr'>versibus,</span> <span class='ocrx_word' id='word_1_242' title='bbox 1669 3135 1857 3202; x_wconf 87' lang='lat' dir='ltr'>buius</span> <span class='ocrx_word' id='word_1_243' title='bbox 1895 3156 2061 3202; x_wconf 84' lang='lat' dir='ltr'>voce</span> <span class='ocrx_word' id='word_1_244' title='bbox 2096 3132 2361 3220; x_wconf 84' lang='lat' dir='ltr'>quadam</span> <span class='ocrx_word' id='word_1_245' title='bbox 2403 3153 2554 3198; x_wconf 88' lang='lat' dir='ltr'>con-</span> 
     </span>
     <span class='ocr_line' id='line_1_28' title="bbox 346 3233 2553 3327; baseline 0 -27"><span class='ocrx_word' id='word_1_246' title='bbox 346 3234 602 3300; x_wconf 84' lang='lat' dir='ltr'>firmare</span> <span class='ocrx_word' id='word_1_247' title='bbox 659 3235 890 3301; x_wconf 78' lang='lat' dir='ltr'>studet.</span> <span class='ocrx_word' id='word_1_248' title='bbox 981 3233 1087 3302; x_wconf 85' lang='lat' dir='ltr'>Cf.</span> <span class='ocrx_word' id='word_1_249' title='bbox 1134 3235 1398 3322; x_wconf 84' lang='lat' dir='ltr'>Emped.</span> <span class='ocrx_word' id='word_1_250' title='bbox 1456 3237 1680 3327; x_wconf 80' lang='lat' dir='ltr'>fragm.</span> <span class='ocrx_word' id='word_1_251' title='bbox 1739 3238 1839 3304; x_wconf 87' lang='lat' dir='ltr'>ed.</span> <span class='ocrx_word' id='word_1_252' title='bbox 1897 3239 2083 3304; x_wconf 88' lang='lat' dir='ltr'>Sturz</span> <span class='ocrx_word' id='word_1_253' title='bbox 2136 3260 2198 3301; x_wconf 83' lang='lat' dir='ltr'>v.</span> <span class='ocrx_word' id='word_1_254' title='bbox 2240 3238 2369 3302; x_wconf 76' lang='lat'>321</span> <span class='ocrx_word' id='word_1_255' title='bbox 2418 3259 2553 3323; x_wconf 86' lang='lat' dir='ltr'>sqq.</span> 
     </span>
     <span class='ocr_line' id='line_1_29' title="bbox 347 3336 2554 3428; baseline 0 -24"><span class='ocrx_word' id='word_1_256' title='bbox 347 3339 552 3404; x_wconf 85' lang='lat' dir='ltr'>Parm.</span> <span class='ocrx_word' id='word_1_257' title='bbox 601 3336 699 3404; x_wconf 89' lang='lat' dir='ltr'>ed.</span> <span class='ocrx_word' id='word_1_258' title='bbox 747 3339 1026 3405; x_wconf 84' lang='lat' dir='ltr'>Karsten</span> <span class='ocrx_word' id='word_1_259' title='bbox 1069 3362 1129 3404; x_wconf 84' lang='lat' dir='ltr'>v.</span> <span class='ocrx_word' id='word_1_260' title='bbox 1180 3340 1305 3405; x_wconf 77' lang='lat'>145</span> <span class='ocrx_word' id='word_1_261' title='bbox 1351 3362 1484 3427; x_wconf 86' lang='lat' dir='ltr'>sqq.</span> <span class='ocrx_word' id='word_1_262' title='bbox 1574 3340 1982 3428; x_wconf 85' lang='lat' dir='ltr'>Empedoclis</span> <span class='ocrx_word' id='word_1_263' title='bbox 2027 3363 2251 3406; x_wconf 85' lang='lat' dir='ltr'>versus</span> <span class='ocrx_word' id='word_1_264' title='bbox 2294 3339 2554 3406; x_wconf 85' lang='lat' dir='ltr'>eosdem</span> 
     </span>
     <span class='ocr_line' id='line_1_30' title="bbox 348 3441 2556 3531; baseline 0 -23"><span class='ocrx_word' id='word_1_265' title='bbox 348 3441 432 3508; x_wconf 86' lang='lat' dir='ltr'>de</span> <span class='ocrx_word' id='word_1_266' title='bbox 476 3441 698 3509; x_wconf 85' lang='lat' dir='ltr'>eadem</span> <span class='ocrx_word' id='word_1_267' title='bbox 741 3464 815 3509; x_wconf 87' lang='lat' dir='ltr'>re</span> <span class='ocrx_word' id='word_1_268' title='bbox 860 3441 1181 3509; x_wconf 84' lang='lat' dir='ltr'>adhibitos</span> <span class='ocrx_word' id='word_1_269' title='bbox 1228 3442 1494 3531; x_wconf 81' lang='lat' dir='ltr'>legimus</span> <span class='ocrx_word' id='word_1_270' title='bbox 1547 3443 1629 3510; x_wconf 91' lang='lat' dir='ltr'>de</span> <span class='ocrx_word' id='word_1_271' title='bbox 1672 3466 1775 3511; x_wconf 84' lang='lat' dir='ltr'>an.</span> <span class='ocrx_word' id='word_1_272' title='bbox 1819 3446 1909 3510; x_wconf 90' lang='lat'>111</span> <span class='ocrx_word' id='word_1_273' title='bbox 1954 3448 2016 3511; x_wconf 83' lang='lat'>3.</span> <span class='ocrx_word' id='word_1_274' title='bbox 2064 3447 2229 3511; x_wconf 66' lang='lat'><strong>4272:</strong></span> <span class='ocrx_word' id='word_1_275' title='bbox 2266 3446 2384 3524; x_wconf 82' lang='lat'>23,</span> <span class='ocrx_word' id='word_1_276' title='bbox 2439 3444 2556 3510; x_wconf 85' lang='lat' dir='ltr'>sed</span> 
     </span>
     <span class='ocr_line' id='line_1_31' title="bbox 347 3544 2556 3634; baseline 0.001 -22"><span class='ocrx_word' id='word_1_277' title='bbox 347 3544 676 3632; x_wconf 88' lang='lat' dir='ltr'>quomodo</span> <span class='ocrx_word' id='word_1_278' title='bbox 723 3547 1081 3633; x_wconf 81' lang='lat' dir='ltr'>explicandi</span> <span class='ocrx_word' id='word_1_279' title='bbox 1125 3551 1269 3626; x_wconf 89' lang='lat' dir='ltr'>sint,</span> <span class='ocrx_word' id='word_1_280' title='bbox 1325 3551 1446 3615; x_wconf 88' lang='lat' dir='ltr'>iam</span> <span class='ocrx_word' id='word_1_281' title='bbox 1499 3570 1537 3613; x_wconf 88' lang='lat' dir='ltr'>a</span> <span class='ocrx_word' id='word_1_282' title='bbox 1581 3549 1903 3615; x_wconf 76' lang='lat' dir='ltr'>veteribus</span> <span class='ocrx_word' id='word_1_283' title='bbox 1946 3548 2399 3634; x_wconf 86' lang='lat' dir='ltr'>interpretibus</span> <span class='ocrx_word' id='word_1_284' title='bbox 2444 3548 2556 3614; x_wconf 82' lang='lat' dir='ltr'>du-</span> 
     </span>
     <span class='ocr_line' id='line_1_32' title="bbox 347 3650 2555 3740; baseline -0 -24"><span class='ocrx_word' id='word_1_285' title='bbox 347 3650 612 3717; x_wconf 73' lang='lat' dir='ltr'>bitatum</span> <span class='ocrx_word' id='word_1_286' title='bbox 659 3661 781 3730; x_wconf 83' lang='lat' dir='ltr'>est,</span> <span class='ocrx_word' id='word_1_287' title='bbox 839 3671 1050 3737; x_wconf 76' lang='lat' dir='ltr'>neque</span> <span class='ocrx_word' id='word_1_288' title='bbox 1109 3651 1400 3740; x_wconf 83' lang='lat' dir='ltr'>equidem</span> <span class='ocrx_word' id='word_1_289' title='bbox 1461 3675 1599 3718; x_wconf 87' lang='lat' dir='ltr'>eam</span> <span class='ocrx_word' id='word_1_290' title='bbox 1651 3653 2088 3719; x_wconf 78' lang='lat' dir='ltr'>difficultatem</span> <span class='ocrx_word' id='word_1_291' title='bbox 2134 3651 2323 3739; x_wconf 86' lang='lat' dir='ltr'>plane</span> <span class='ocrx_word' id='word_1_292' title='bbox 2371 3672 2555 3738; x_wconf 78' lang='lat' dir='ltr'>expe-</span> 
     </span>
     <span class='ocr_line' id='line_1_33' title="bbox 350 3750 2558 3844; baseline 0 -24"><span class='ocrx_word' id='word_1_293' title='bbox 350 3753 489 3820; x_wconf 86' lang='lat' dir='ltr'>dire</span> <span class='ocrx_word' id='word_1_294' title='bbox 532 3775 727 3841; x_wconf 82' lang='lat' dir='ltr'>posse</span> <span class='ocrx_word' id='word_1_295' title='bbox 771 3755 920 3819; x_wconf 81' lang='lat' dir='ltr'>mibi</span> <span class='ocrx_word' id='word_1_296' title='bbox 964 3753 1206 3823; x_wconf 81' lang='lat' dir='ltr'>videor.</span> <span class='ocrx_word' id='word_1_297' title='bbox 1276 3756 1494 3822; x_wconf 86' lang='lat' dir='ltr'>Verba</span> <span class='ocrx_word' id='word_1_298' title='bbox 1542 3759 1710 3823; x_wconf 89' lang='lat' dir='ltr'>enim</span> <span class='ocrx_word' id='word_1_299' title='bbox 1754 3750 1921 3844; x_wconf 81' lang='grc' dir='ltr'><strong><em>πρὸς</em></strong></span> <span class='ocrx_word' id='word_1_300' title='bbox 1963 3751 2215 3843; x_wconf 73' lang='grc' dir='ltr'><strong><em>παρεόν</em></strong></span> <span class='ocrx_word' id='word_1_301' title='bbox 2252 3759 2558 3842; x_wconf 73' lang='lat' dir='ltr'>inter-pre·</span> 
     </span>
     <span class='ocr_line' id='line_1_34' title="bbox 349 3858 2555 3946; baseline 0 -21"><span class='ocrx_word' id='word_1_302' title='bbox 349 3868 448 3925; x_wconf 84' lang='lat' dir='ltr'>tes</span> <span class='ocrx_word' id='word_1_303' title='bbox 492 3858 668 3946; x_wconf 87' lang='lat' dir='ltr'>quod</span> <span class='ocrx_word' id='word_1_304' title='bbox 711 3863 906 3924; x_wconf 83' lang='lat' dir='ltr'>sciam</span> <span class='ocrx_word' id='word_1_305' title='bbox 952 3880 1174 3926; x_wconf 78' lang='lat' dir='ltr'>omnes</span> <span class='ocrx_word' id='word_1_306' title='bbox 1220 3861 1302 3927; x_wconf 82' lang='lat' dir='ltr'>ad</span> <span class='ocrx_word' id='word_1_307' title='bbox 1345 3882 1452 3927; x_wconf 87' lang='lat' dir='ltr'>res</span> <span class='ocrx_word' id='word_1_308' title='bbox 1495 3860 1787 3928; x_wconf 85' lang='lat' dir='ltr'>sensibus</span> <span class='ocrx_word' id='word_1_309' title='bbox 1826 3860 2073 3927; x_wconf 88' lang='lat' dir='ltr'>oblatas</span> <span class='ocrx_word' id='word_1_310' title='bbox 2110 3860 2398 3925; x_wconf 85' lang='lat' dir='ltr'>referunt</span> <span class='ocrx_word' id='word_1_311' title='bbox 2432 3860 2555 3940; x_wconf 80' lang='lat' dir='ltr'>(cf.</span> 
     </span>
     <span class='ocr_line' id='line_1_35' title="bbox 349 3961 2557 4052; baseline 0.001 -25"><span class='ocrx_word' id='word_1_312' title='bbox 349 3961 529 4028; x_wconf 80' lang='lat' dir='ltr'>Alex.</span> <span class='ocrx_word' id='word_1_313' title='bbox 574 3986 638 4049; x_wconf 87' lang='lat' dir='ltr'>p.</span> <span class='ocrx_word' id='word_1_314' title='bbox 669 3965 820 4042; x_wconf 77' lang='lat'><strong>293,</strong></span> <span class='ocrx_word' id='word_1_315' title='bbox 857 3966 921 4030; x_wconf 82' lang='lat'>6.</span> <span class='ocrx_word' id='word_1_316' title='bbox 979 3963 1230 4052; x_wconf 78' lang='lat' dir='ltr'>Philop.</span> <span class='ocrx_word' id='word_1_317' title='bbox 1277 3964 1358 4030; x_wconf 84' lang='lat' dir='ltr'>ad</span> <span class='ocrx_word' id='word_1_318' title='bbox 1403 3964 1446 4030; x_wconf 89' lang='lat' dir='ltr'>l.</span> <span class='ocrx_word' id='word_1_319' title='bbox 1494 3965 1536 4031; x_wconf 95' lang='lat' dir='ltr'>l.</span> <span class='ocrx_word' id='word_1_320' title='bbox 1594 3967 1778 4032; x_wconf 86' lang='lat' dir='ltr'>Sturz</span> <span class='ocrx_word' id='word_1_321' title='bbox 1823 3989 1885 4052; x_wconf 91' lang='lat' dir='ltr'>p.</span> <span class='ocrx_word' id='word_1_322' title='bbox 1917 3966 2066 4031; x_wconf 78' lang='lat'>497.</span> <span class='ocrx_word' id='word_1_323' title='bbox 2127 3963 2428 4030; x_wconf 88' lang='lat' dir='ltr'>Trendel.</span> <span class='ocrx_word' id='word_1_324' title='bbox 2474 3963 2557 4030; x_wconf 86' lang='lat' dir='ltr'>de</span> 
     </span>
     <span class='ocr_line' id='line_1_36' title="bbox 348 4066 2556 4158; baseline 0 -26"><span class='ocrx_word' id='word_1_325' title='bbox 348 4069 536 4132; x_wconf 86' lang='lat' dir='ltr'>anim.</span> <span class='ocrx_word' id='word_1_326' title='bbox 581 4089 646 4153; x_wconf 85' lang='lat' dir='ltr'>p.</span> <span class='ocrx_word' id='word_1_327' title='bbox 679 4069 829 4135; x_wconf 74' lang='lat'>450.</span> <span class='ocrx_word' id='word_1_328' title='bbox 892 4066 1169 4133; x_wconf 77' lang='lat' dir='ltr'>Brendis</span> <span class='ocrx_word' id='word_1_329' title='bbox 1215 4067 1449 4134; x_wconf 88' lang='lat' dir='ltr'>Gesch.</span> <span class='ocrx_word' id='word_1_330' title='bbox 1494 4071 1543 4134; x_wconf 89' lang='lat'>1.</span> <span class='ocrx_word' id='word_1_331' title='bbox 1588 4094 1653 4158; x_wconf 87' lang='lat' dir='ltr'>p.</span> <span class='ocrx_word' id='word_1_332' title='bbox 1685 4069 1945 4149; x_wconf 76' lang='lat' dir='ltr'><strong>220k);</strong></span> <span class='ocrx_word' id='word_1_333' title='bbox 2004 4089 2111 4134; x_wconf 86' lang='lat' dir='ltr'>eas</span> <span class='ocrx_word' id='word_1_334' title='bbox 2155 4091 2258 4134; x_wconf 87' lang='lat' dir='ltr'>res</span> <span class='ocrx_word' id='word_1_335' title='bbox 2298 4067 2556 4134; x_wconf 82' lang='lat' dir='ltr'>modum</span> 
     </span>
     <span class='ocr_line' id='line_1_37' title="bbox 350 4171 2557 4263; baseline -0 -26"><span class='ocrx_word' id='word_1_336' title='bbox 350 4173 530 4257; x_wconf 73' lang='lat' dir='ltr'>quasi</span> <span class='ocrx_word' id='word_1_337' title='bbox 575 4192 717 4237; x_wconf 82' lang='lat' dir='ltr'>esse</span> <span class='ocrx_word' id='word_1_338' title='bbox 761 4181 829 4238; x_wconf 87' lang='lat' dir='ltr'>et</span> <span class='ocrx_word' id='word_1_339' title='bbox 872 4191 1258 4252; x_wconf 82' lang='lat' dir='ltr'>mensuram,</span> <span class='ocrx_word' id='word_1_340' title='bbox 1305 4193 1380 4237; x_wconf 84' lang='lat' dir='ltr'>ex</span> <span class='ocrx_word' id='word_1_341' title='bbox 1424 4196 1546 4260; x_wconf 85' lang='lat' dir='ltr'>qua</span> <span class='ocrx_word' id='word_1_342' title='bbox 1595 4176 1814 4263; x_wconf 81' lang='lat' dir='ltr'>augeri</span> <span class='ocrx_word' id='word_1_343' title='bbox 1857 4171 1995 4253; x_wconf 85' lang='lat' dir='ltr'>vel,</span> <span class='ocrx_word' id='word_1_344' title='bbox 2038 4184 2110 4238; x_wconf 85' lang='lat' dir='ltr'>ut</span> <span class='ocrx_word' id='word_1_345' title='bbox 2154 4184 2298 4260; x_wconf 85' lang='lat' dir='ltr'>apte</span> <span class='ocrx_word' id='word_1_346' title='bbox 2346 4172 2557 4237; x_wconf 85' lang='lat' dir='ltr'>Philo·</span> 
     </span>
     <span class='ocr_line' id='line_1_38' title="bbox 350 4274 2557 4366; baseline 0 -27"><span class='ocrx_word' id='word_1_347' title='bbox 350 4296 565 4361; x_wconf 85' lang='lat' dir='ltr'>ponus</span> <span class='ocrx_word' id='word_1_348' title='bbox 608 4278 1089 4364; x_wconf 83' lang='lat' dir='ltr'>interpretatur,</span> <span class='ocrx_word' id='word_1_349' title='bbox 1144 4280 1426 4362; x_wconf 67' lang='grc' dir='ltr'>ἐνεργεῖν</span> <span class='ocrx_word' id='word_1_350' title='bbox 1477 4276 1692 4344; x_wconf 89' lang='lat' dir='ltr'>dicant</span> <span class='ocrx_word' id='word_1_351' title='bbox 1736 4281 2188 4366; x_wconf 79' lang='lat' dir='ltr'>cognitionem.</span> <span class='ocrx_word' id='word_1_352' title='bbox 2280 4274 2557 4341; x_wconf 87' lang='lat' dir='ltr'>Facilem</span> 
     </span>
     <span class='ocr_line' id='line_1_39' title="bbox 350 4377 2559 4467; baseline 0 -23"><span class='ocrx_word' id='word_1_353' title='bbox 350 4377 523 4445; x_wconf 85' lang='lat' dir='ltr'>illum</span> <span class='ocrx_word' id='word_1_354' title='bbox 571 4389 636 4444; x_wconf 87' lang='lat' dir='ltr'>et</span> <span class='ocrx_word' id='word_1_355' title='bbox 679 4382 746 4446; x_wconf 86' lang='lat' dir='ltr'>iu</span> <span class='ocrx_word' id='word_1_356' title='bbox 790 4390 1089 4467; x_wconf 87' lang='lat' dir='ltr'>promptu</span> <span class='ocrx_word' id='word_1_357' title='bbox 1136 4401 1280 4445; x_wconf 86' lang='lat' dir='ltr'>esse</span> <span class='ocrx_word' id='word_1_358' title='bbox 1323 4379 1839 4467; x_wconf 78' lang='lat' dir='ltr'>explicationem,</span> <span class='ocrx_word' id='word_1_359' title='bbox 1898 4382 2168 4447; x_wconf 77' lang='lat' dir='ltr'>sortasse</span> <span class='ocrx_word' id='word_1_360' title='bbox 2219 4382 2405 4445; x_wconf 85' lang='lat' dir='ltr'>etiam</span> <span class='ocrx_word' id='word_1_361' title='bbox 2449 4402 2559 4445; x_wconf 85' lang='lat' dir='ltr'>ve-</span> 
     </span>
     <span class='ocr_line' id='line_1_40' title="bbox 352 4484 2557 4574; baseline 0 -26"><span class='ocrx_word' id='word_1_362' title='bbox 352 4504 502 4565; x_wconf 80' lang='lat' dir='ltr'>ram,</span> <span class='ocrx_word' id='word_1_363' title='bbox 544 4505 681 4551; x_wconf 87' lang='lat' dir='ltr'>non</span> <span class='ocrx_word' id='word_1_364' title='bbox 723 4486 1109 4574; x_wconf 80' lang='lat' dir='ltr'>negaverim,</span> <span class='ocrx_word' id='word_1_365' title='bbox 1149 4484 1268 4550; x_wconf 88' lang='lat' dir='ltr'>sed</span> <span class='ocrx_word' id='word_1_366' title='bbox 1313 4486 1718 4555; x_wconf 76' lang='lat' dir='ltr'>Aristotelem</span> <span class='ocrx_word' id='word_1_367' title='bbox 1764 4494 1939 4551; x_wconf 87' lang='lat' dir='ltr'>certe</span> <span class='ocrx_word' id='word_1_368' title='bbox 1984 4485 2168 4552; x_wconf 85' lang='lat' dir='ltr'>aliter</span> <span class='ocrx_word' id='word_1_369' title='bbox 2205 4484 2380 4552; x_wconf 87' lang='lat' dir='ltr'>illum</span> <span class='ocrx_word' id='word_1_370' title='bbox 2421 4506 2557 4551; x_wconf 85' lang='lat' dir='ltr'>ver-</span> 
     </span>
    </p>
   </div>
  </div>
 </body>
</html>
