3109 5175
1182 369 1228 437 Ι
1267 364 1338 441 3.
1420 364 1692 441 105412.
2394 364 2540 441 425

338 542 517 607 titur.
605 539 701 607 Ita
745 548 920 606 recte
965 538 1248 607 distinxit
1288 540 1652 608 Alexander
1692 545 1760 608 iu
1807 545 2281 622 commentario,
2323 552 2397 609 ut
2436 541 2547 610 vel

341 648 478 711 eius
516 646 892 713 anctoritate
933 643 1014 710 ad
1054 643 1549 711 confirmandam
1595 645 1937 713 lectionem
1981 641 2058 712 τὸ
2103 643 2163 714 δ’
2203 650 2295 713 uti
2337 645 2545 713 liceat.

344 786 426 801 -
474 751 628 815 Tria
669 751 866 838 igitur
908 748 1240 838 distinguit
1273 750 1379 814 Ar.
1423 749 1779 817 identitatis
1810 772 2064 841 genera,
2108 770 2377 837 quorum
2417 753 2548 837 pri-

340 874 510 918 mum
554 873 630 918 ex
672 874 842 921 mera
888 856 1133 918 numeri
1177 856 1435 934 unitate,
1478 854 1745 921 alterum
1791 877 1867 921 ex
1911 858 2153 921 unitate
2197 866 2263 921 et
2301 857 2546 920 numeii

344 966 409 1021 et
450 959 753 1035 notionis,
798 960 1049 1023 tertium
1093 979 1167 1024 ex
1197 960 1436 1025 unitate
1466 961 1754 1024 notionis
1784 957 2213 1024 substantialis
2243 958 2543 1045 pendeat.

342 1061 534 1125 Primi
578 1063 835 1148 generis
881 1061 1234 1150 exemplum
1277 1082 1411 1127 non
1457 1061 1684 1142 attulit,
1727 1061 1841 1128 sed
1886 1085 2077 1149 quum
2121 1065 2369 1128 numeri
2409 1065 2546 1126 uni-

344 1172 538 1229 tatem
582 1167 772 1230 unice
814 1167 1126 1250 requirat,
1178 1174 1242 1231 et
1287 1168 1594 1252 opposito
1638 1168 1931 1252 proximo
1976 1187 2217 1254 genere
2260 1167 2545 1230 notionis

346 1277 414 1333 et
456 1266 847 1334 substantiae
902 1271 1206 1336 unitatem
1265 1271 1456 1334 tacite
1500 1267 1823 1348 excludat,
1880 1267 2241 1335 Alexander
2285 1269 2545 1335 dubium
2676 1335 2697 1349 ,

345 1390 479 1437 non
538 1382 635 1437 est
690 1376 843 1459 quin
894 1395 1046 1439 vere
1090 1372 1542 1439 accidentalem
1586 1371 1936 1438 identitatis
1978 1375 2105 1438 vim
2147 1372 2546 1452 intellexerit,

347 1473 431 1541 de
475 1497 597 1562 qua
642 1474 878 1542 dictum
925 1486 1023 1543 est
1062 1476 1143 1542 ad
1175 1478 1231 1543 A
1259 1480 1321 1543 9.
1371 1479 1576 1543 1017»
1605 1477 1693 1541 24
1734 1497 1869 1563 sqq.
1947 1480 2159 1564 Atque
2202 1477 2329 1543 hoc
2371 1476 2549 1543 iden-

348 1581 546 1645 titatis
592 1600 797 1668 genus
841 1602 1029 1665 quum
1075 1601 1112 1645 a
1157 1582 1414 1667 propria
1461 1589 1526 1644 et
1567 1579 1758 1667 plena
1794 1579 2142 1647 identitatis
2170 1584 2236 1648 vi
2266 1580 2548 1668 aliquan-

346 1692 479 1749 tum
509 1682 783 1762 recedat,
828 1682 1081 1750 adiecto
1128 1682 1433 1749 adverbio
1478 1685 1685 1749 ἐνίοτε
1728 1682 1796 1748 id
1837 1682 2091 1750 videtur
2130 1684 2546 1775 significasse.

345 1787 630 1852 Alterum
676 1808 879 1876 genus
922 1789 1064 1874 ipse
1093 1786 1472 1853 Aristoteles
1516 1786 1804 1853 adhibito
1850 1788 2142 1876 exemplo
2184 1789 2545 1855 illustravit.

344 1892 423 1956 ln
477 1894 669 1956 tertio
724 1901 934 1957 autem
989 1912 1232 1981 genere
1283 1889 1657 1958 definiendo
1703 1913 1889 1979 quam
1934 1891 2089 1958 dicit
2128 1887 2393 1980 πρώτην
2434 1889 2550 1959 οὐ·

346 1994 504 2059 σίαν
551 2015 624 2058 ea
671 2004 770 2059 est
810 1998 1105 2080 primaria
1148 1999 1244 2061 rei
1289 2006 1531 2074 natura,
1576 2018 1701 2082 qua
1747 1994 1901 2083 quid
1944 1999 2026 2062 sit
2068 2018 2173 2062 res
2209 1995 2552 2063 definiatur

345 2098 648 2163 seiunctis
706 2098 1002 2165 omnibus
1062 2098 1521 2179 accidentibus,
1580 2102 1715 2164 sive
1758 2103 1962 2186 ipsum
2008 2098 2085 2166 τὸ
2129 2101 2193 2165 τί
2236 2089 2321 2180 ἦν
2365 2095 2551 2180 εἶναι,

350 2200 430 2266 cf.
463 2203 527 2265 Z
552 2204 612 2268 7.
654 2203 857 2269 10:321»
884 2205 952 2268 l:
1013 2199 1183 2280 εἶδος
1225 2204 1296 2270 δὲ
1335 2205 1501 2288 λέγω
1546 2200 1625 2268 τὸ
1669 2204 1736 2268 τί
1776 2193 1865 2284 ἦν
1907 2199 2076 2270 εἶναι
2115 2199 2397 2270 ἑκάστου
2436 2205 2551 2270 καὶ

346 2298 472 2383 τὴν
514 2300 778 2393 πρώτην
822 2303 1075 2374 οὐσίαν.
1150 2309 1296 2373 Hoc
1341 2318 1548 2373 autem
1595 2302 1801 2396 genus
1846 2329 2035 2395 quum
2079 2306 2159 2372 ab
2207 2309 2383 2373 omni
2424 2328 2552 2373 ma-

351 2410 552 2473 teriae
597 2419 663 2474 et
704 2409 1122 2477 accidentium
1169 2415 1557 2501 contagione
1605 2411 1874 2478 liberum
1920 2414 2019 2492 sit,
2060 2414 2265 2499 primo
2308 2411 2552 2499 generi,

350 2509 528 2599 quod
571 2514 640 2578 in
683 2517 823 2602 ipsa
865 2520 1165 2582 materiae
1202 2526 1269 2581 et
1299 2520 1544 2585 numeri
1585 2519 1829 2583 unitate
1867 2515 2257 2596 cernebatur,
2300 2524 2399 2580 est
2434 2535 2554 2602 op-

349 2620 647 2705 positum.
690 2655 772 2670 -
822 2613 925 2685 Τοὶ
981 2618 1098 2688 ἴσα
1138 2623 1251 2687 καὶ
1293 2617 1609 2704 ἰσογώνια
1655 2616 2036 2708 τετράγωνα
2076 2623 2189 2698 δ2,
2247 2618 2552 2705 quadrata

351 2742 516 2806 quae
564 2731 629 2786 et
671 2722 1108 2810 magnitudine
1155 2735 1219 2790 et
1264 2723 1514 2812 angulis
1562 2725 1849 2813 aequalia
1900 2735 2074 2804 sunt,
2132 2722 2351 2790 eadem
2411 2744 2553 2789 esse

353 2823 676 2904 dicuntur,
734 2825 884 2891 licet
939 2848 1204 2894 numero
1264 2832 1392 2893 sint
1446 2828 1689 2914 plures,
1746 2831 2042 2914 quoniam
2097 2829 2262 2897 haec
2309 2830 2555 2893 numeri

353 2927 683 3015 pluralitas
729 2939 1047 2996 externam
1092 2934 1544 3010 exsistentiam,
1600 2953 1734 2997 uon
1793 2935 1887 2998 rei
1944 2937 2281 2999 essentiam
2330 2942 2398 2997 et
2438 2953 2558 2998 no-

351 3036 592 3098 tionem
650 3035 876 3122 tangit.
982 3035 1300 3102 Articulus
1354 3030 1470 3115 τά,
1525 3037 1636 3123 qui
1692 3039 1759 3101 in
1815 3036 2205 3104 editionibus
2263 3035 2555 3101 omnibus

353 3146 503 3203 ante
547 3132 858 3221 ἰσογώνια
904 3137 1174 3219 additur,
1217 3140 1606 3207 omittendus
1651 3152 1748 3206 est
1793 3164 1932 3207 cum
1970 3141 2145 3208 Alex.
2183 3164 2247 3228 p.
2272 3140 2420 3220 588,
2452 3142 2557 3218 15,

353 3245 501 3327 quia
547 3261 682 3306 non
726 3251 999 3330 possunt
1041 3241 1174 3307 duo
1218 3243 1567 3330 significari
1609 3244 2055 3332 quadratorum
2100 3267 2356 3334 genera,
2400 3263 2559 3331 quo-

352 3367 491 3411 rum
536 3344 800 3411 alterum
849 3348 1235 3412 extensionis
1279 3346 1542 3412 alterum
1596 3349 1975 3437 angulorum
2023 3348 2405 3435 aequalitate
2449 3346 2559 3413 de-

354 3448 628 3528 finiatur,
672 3448 786 3515 sed
831 3459 1098 3537 utraque
1144 3450 1492 3536 aequalitas
1535 3453 1602 3516 in
1650 3452 1878 3518 eodem
1923 3473 2164 3541 genere
2206 3453 2559 3538 requiritur,

354 3563 429 3620 ut
471 3563 645 3619 recte
692 3552 818 3618 dici
861 3558 1067 3642 possit
1111 3559 1182 3620 ὲν
1225 3549 1481 3629 τούτοις
1521 3551 1569 3635 ἡ
1613 3550 1839 3635 ἰσότης
1879 3551 2125 3635 ἑνότης.

485 3657 842 3724 identitatis
870 3680 1109 3748 genera
1134 3659 1244 3726 Ar.
1274 3657 1494 3745 paullo
1528 3658 1714 3722 aliter
1743 3658 2077 3748 distinguit
2101 3659 2155 3725 A
2176 3661 2236 3724 9.
2267 3659 2477 3723 1018·
2496 3659 2557 3723 6.

358 3763 527 3848 Top.
559 3762 589 3826 I
625 3764 684 3827 7.
721 3763 886 3830 1030
914 3766 973 3829 6.
1035 3763 1192 3829 VIII
1230 3765 1288 3829 1.
1330 3765 1487 3829 1521>
1515 3765 1620 3840 31,
1665 3761 1745 3828 cf.
1784 3765 1942 3828 151⁶
1966 3764 2075 3829 29.

487 3865 569 3947 b)
614 3867 818 3932 105411
846 3868 1092 3933 3—13
1131 3860 1211 3934 τὸ
1257 3862 1550 3952 ὅμοιον
1596 3865 1713 3946 (cf.
1747 3870 1800 3933 A
1831 3869 1894 3932 9.
1930 3867 2141 3932 lolsa
2167 3868 2313 3946 15).
2378 3865 2563 3930 Sinni-

357 3968 648 4048 litudinis
693 3992 932 4058 genera
974 3975 1065 4036 ita
1111 3981 1453 4051 enumerat,
1497 3980 1571 4036 ut
1613 3969 1918 4057 deinceps
1962 3973 2029 4034 in
2073 3972 2361 4056 proximo
2408 3990 2565 4056 quo-

359 4095 484 4161 que
527 4095 768 4163 genere
812 4078 1021 4140 minor
1065 4096 1142 4139 ac
1185 4073 1460 4140 debilior
1505 4084 1801 4140 cernatur
1844 4073 2087 4138 formae
2128 4077 2352 4139 unitas.
2430 4075 2565 4139 Pri-

358 4200 529 4243 mum
578 4182 741 4244 enim
787 4201 1009 4267 genus,
1053 4201 1244 4265 quum
1288 4180 1511 4245 similia
1561 4200 1637 4243 ea
1680 4178 1996 4255 dicuutur,
2041 4200 2219 4264 quae,
2262 4176 2414 4243 licet
2447 4176 2565 4242 dif-

359 4282 574 4348 ferant
627 4305 743 4369 per
803 4292 1164 4348 concretam
1225 4287 1647 4349 exsistentiam
1708 4275 1920 4365 (κατά
1969 4277 2094 4361 τήν
2152 4278 2386 4348 οὐσίαν
2442 4274 2566 4360 τὴν

361 4390 781 4471 συγκειμένην
822 4390 936 4467 Μ,
981 4388 1061 4451 cf.
1108 4382 1304 4452 οὐσία
1348 4381 1675 4465 σύνθετος
1717 4389 1807 4452 Η
1837 4388 1900 4452 3.
1948 4387 2159 4452 1043a
2197 4386 2303 4450 30.
2362 4383 2416 4449 A
2457 4383 2563 4448 24.

365 4490 575 4555 10230
615 4490 730 4572 31,
785 4500 850 4557 et
891 4484 968 4558 τὸ
1015 4492 1525 4576 συνειλημμένον
1570 4490 1653 4556 ad
1695 4492 1765 4557 E
1800 4492 1859 4555 l.
1907 4489 2108 4556 1⁰25b
2149 4488 2308 4570 32),
2352 4497 2563 4553 tamen
