3109 5175
1177 378 1242 447 Ε
1286 374 1355 448 2.
1438 375 1709 452 1027α.
2398 377 2549 456 289

336 549 404 616 id
458 553 835 638 principium
894 561 991 616 est
1044 561 1111 617 et
1167 571 1242 617 ea
1301 573 1489 618 causa
1537 563 1610 619 ut
1651 556 1737 619 sit
1780 556 2043 621 omnino
2088 548 2167 621 τὸ
2212 555 2547 641 συμβεβη-

334 649 468 730 κός.
514 690 604 703 —-
648 656 774 719 1³31
824 648 865 719 ὃ
909 647 1037 740 γὰρ
1082 648 1171 720 ἂν
1212 645 1257 745 ᾖ
1296 652 1452 738 μητ’
1489 653 1599 723 ἀεὶ
1638 657 1774 723 κτλ..
1862 657 2096 724 lisdem
2151 679 2361 745 prope
2403 681 2547 725 ver·

331 755 434 822 bis
479 749 601 837 τὴν
641 751 844 841 τύχην
897 756 1200 823 describit
1244 758 1434 845 Phys.
1481 760 1542 823 ΙΙ
1587 762 1648 825 5.
1698 763 1857 827 196ὄ
1899 761 2013 842 12,
2069 761 2149 826 cf.
2195 763 2361 849 Top.
2408 762 2452 828 1.
2497 762 2539 829 l.

333 860 457 926 An.
494 871 662 948 post.
702 861 731 925 1
764 861 870 939 3⁰,
914 871 1104 948 atque
1146 861 1314 929 idem
1361 863 1714 951 exemplum
1751 865 2073 950 χειμῶνος
2115 866 2222 932 ἐπὶ
2263 868 2411 934 κυνί
2454 867 2546 932 as-

334 963 460 1032 fert
503 964 697 1049 Phys.
742 962 804 1028 11
847 966 1124 1032 &199ae
1164 969 1225 1031 1.

467 1069 744 1133 1⁰27a4
790 1062 920 1133 διὸ
966 1069 1269 1155 συνέβη
1313 1105 1399 1119 —
1447 1072 1533 1136 19
1579 1073 1996 1137 σκεπτέον.
2075 1071 2378 1159 Exposita
2421 1074 2544 1141 τοῦ

331 1167 824 1256 συμβεβηκότος
879 1182 1108 1237 natura
1164 1194 1240 1238 ac
1297 1177 1570 1239 notione
1614 1172 1697 1240 de
1744 1175 1883 1240 eius
1928 1177 2135 1240 causis
2180 1175 2433 1242 disserit
2479 1186 2544 1243 et

328 1273 503 1339 unde
547 1295 689 1340 esse
732 1295 805 1340 re
857 1295 1006 1340 vera
1063 1273 1478 1360 συμβεβηκός
1535 1287 1965 1367 cognoscatur
2017 1279 2365 1366 significan
2424 1278 2543 1346 sed

327 1376 489 1442 haec
530 1376 783 1463 quidem
828 1381 915 1443 ita
959 1390 1110 1445 sunt
1152 1378 1490 1466 disputata,
1537 1392 1627 1460 ut,
1673 1382 1823 1447 licet
1858 1386 2173 1447 sententia
2210 1386 2541 1469 scriptoris

327 1501 462 1546 non
507 1484 589 1546 sit
631 1481 841 1561 dubia,
884 1494 1097 1549 tamen
1140 1486 1373 1549 iustum
1417 1484 1841 1550 ratiocinandi
1886 1483 2180 1550 ordinem
2220 1485 2540 1553 desidere-

325 1603 484 1648 mus.
540 1580 665 1662 διό,
696 1588 919 1670 inquit,
953 1588 1199 1671 συνέβη
1231 1591 1472 1677 φαμέν,
1505 1589 1621 1654 καὶ
1655 1590 1832 1654 ἔστιν
1867 1583 1956 1663 ὡς
1987 1595 2179 1665 ποιεῖ,
2217 1585 2441 1667 ἁπλῶς
2469 1586 2533 1655 δ’

325 1686 429 1767 (h.
461 1708 516 1752 e.
562 1699 874 1774 quatenus
920 1700 1017 1755 est
1059 1687 1429 1780 ὀψοποιός)
1474 1688 1555 1756 οὐ
1597 1699 1789 1756 ποιεῖ.
1865 1691 2033 1756 Hinc
2074 1702 2221 1777 apte
2266 1691 2346 1756 ad
2395 1715 2541 1759 cau·

326 1811 458 1855 sam
493 1789 875 1858 efficientem
908 1792 1254 1862 accidentis
1285 1796 1536 1861 transit:
1584 1794 1715 1860 τῶν
1755 1794 1878 1878 μὲν
1908 1788 2038 1880 γὰρ
2074 1788 2299 1861 ἄλλων
2331 1797 2540 1863 ἐνίοτε
2590 1789 2593 1794 ’

327 1889 638 1978 δυνάμεις
679 1897 803 1961 εἰσὶ
850 1933 932 1949 —-
979 1894 1324 1985 ὡρισμένη.
1414 1899 1625 1985 Atque
1669 1898 1830 1962 haec
1873 1895 2131 1983 quidem
2172 1897 2371 1963 verba
2412 1920 2540 1965 ma-

325 1997 562 2064 nifesto
606 1997 1011 2066 librariorum
1057 2021 1276 2067 errore
1323 2000 1669 2089 depravata
1713 2010 1891 2076 sunt;
1951 2020 2167 2066 earum
2226 2003 2394 2067 enim
2438 2023 2541 2069 rc·

325 2121 495 2180 rum,
551 2124 715 2187 quae
757 2102 864 2168 vel
907 2107 1274 2170 necessario
1316 2103 1424 2169 vel
1466 2103 1843 2190 plerumque
1886 2102 2080 2182 fiunt,
2137 2123 2271 2169 non
2330 2104 2541 2171 solum

325 2203 664 2284 interdum,
705 2207 931 2286 ἐνίοτε,
976 2219 1186 2274 certae
1232 2229 1308 2273 ac
1349 2207 1654 2274 definitae
1683 2217 1832 2273 sunt
1860 2227 2105 2286 causae,
2148 2206 2266 2272 sed
2299 2211 2539 2295 utique.

324 2307 556 2394 Neque
599 2308 774 2395 apud
821 2309 1244 2379 Alexandrum
1289 2310 1396 2376 vel
1441 2309 1808 2397 Asclepium
1859 2309 2059 2377 ullum
2103 2315 2386 2398 reperias
2432 2333 2539 2378 ve-

324 2413 597 2501 stig-ium,
642 2412 815 2478 unde
861 2435 976 2481 eos
1018 2417 1226 2481 ἐνίοτε
1269 2418 1338 2479 in
1373 2424 1549 2480 textu
1586 2414 1881 2480 habuisse
1922 2415 2299 2492 concludas3
2343 2420 2537 2482 immo

325 2517 382 2582 si
427 2514 770 2582 Alexandri
813 2517 1009 2584 verba
1051 2541 1118 2607 p.
1153 2520 1300 2597 417,
1346 2520 1431 2584 19
1476 2518 1845 2600 contuleris,
1888 2514 2293 2584 scribendum
2340 2522 2540 2587 conii-

325 2622 482 2685 cias:
541 2623 674 2686 τῶν
725 2624 845 2707 μὲν
889 2616 1018 2710 γὰρ
1077 2621 1294 2690 ἄλλων
1350 2624 1622 2689 αἰτίαι
1677 2645 1761 2689 τε
1817 2626 1952 2690 καὶ
2003 2618 2310 2707 δυνάμεις
2355 2625 2537 2701 εἰσίν,

324 2744 489 2809 quae
548 2724 908 2792 emendatio
965 2729 1018 2790 si
1076 2748 1212 2793 non
1269 2729 1466 2814 ipsam
1512 2726 1876 2793 Aristotelis
1935 2748 2188 2793 manum
2244 2729 2538 2807 restituit,

319 2837 532 2913 aptam
590 2839 762 2893 certe
827 2828 1028 2895 efficit
1084 2835 1462 2896 sententiam
1522 2841 1588 2896 et
1651 2851 1788 2895 eam
1810 2874 1825 2888 .
1848 2834 2333 2897 convenientem
2395 2852 2536 2896 cum

318 2931 529 2997 verbis
571 2935 872 3019 proximis
906 2935 1033 2999 ¹³7:
1079 2935 1209 2999 τῶν
1251 2928 1381 3020 γὰρ
1425 2926 1597 3000 κατὰ
1642 2930 2058 3018 συμβεβηκός
2084 2969 2172 2983 —-
2203 2934 2539 3019 συμβεβη·

317 3031 450 3112 κός.
542 3035 671 3102 Sed
717 3039 958 3102 etiamsi
1003 3037 1171 3101 hanc
1211 3036 1520 3103 maculam
1565 3037 2064 3117 absterserimus,
2108 3058 2240 3103 non
2289 3036 2538 3104 tollitur

317 3149 663 3227 propterea
701 3140 1004 3227 perplexa
1040 3141 1522 3229 argumentandi
1560 3145 1743 3221 ratio,
1790 3163 1952 3229 quae
1986 3145 2052 3206 in
2089 3144 2380 3228 sequenti
2412 3141 2536 3207 dis-

318 3245 670 3329 putationis
708 3255 890 3331 parte
941 3248 1233 3311 cernitur.
1317 3247 1480 3312 Nam
1522 3257 1859 3332 postquam
1907 3243 2328 3312 accidentium
2374 3249 2536 3311 acci-

318 3344 609 3412 dentales
656 3353 842 3413 etiam
888 3370 1110 3414 causas
1158 3370 1299 3415 esse
1346 3349 1515 3428 dixit,
1557 3353 1905 3435 proximam
1948 3352 2459 3415 enunciationem
2495 3370 2532 3414 a

314 3449 624 3536 particula
684 3447 848 3518 ὥστε
907 3452 1181 3533 orditur,
1239 3463 1312 3520 ut
1362 3452 1753 3519 concludere
1794 3452 2117 3532 videatur,
2175 3474 2339 3538 quae
2382 3450 2535 3518 inde

319 3565 818 3640 consequantur;
863 3555 979 3621 sed
1025 3577 1107 3622 eo
1151 3558 1367 3643 potius
1410 3560 1651 3637 transit,
1698 3567 1771 3623 ut
1814 3555 2218 3622 statuendum
2264 3577 2407 3620 esse
2444 3555 2537 3620 di-

319 3667 438 3737 cat,
481 3668 737 3744 praeter
779 3679 857 3724 ea
900 3680 1064 3746 quae
1107 3659 1481 3747 plerumque
1525 3661 1693 3726 fiunt
1733 3659 1873 3726 fieri
1913 3659 2038 3725 alia
2076 3658 2383 3746 quaedam
2415 3680 2536 3745 per

317 3760 640 3841 accidens,
697 3767 821 3829 nisi
878 3765 1046 3831 forte
1102 3785 1350 3851 ponere
1403 3768 1541 3852 quis
1586 3764 1867 3831 voluerit
1910 3767 2125 3829 omnia
2168 3767 2533 3830 necessario

316 3863 478 3932 fieri.
568 3867 827 3933 Deinde
871 3865 1078 3951 (ὥστε
1121 3866 1164 3949 ἡ
1209 3864 1332 3949 ὕλη
1377 3871 1511 3934 κτλ.
1559 3870 1739 3951 ⁰13)
1795 3870 2117 3935 materiam
2174 3868 2257 3933 ad
2302 3878 2537 3933 utmm·

319 3990 443 4056 que
489 3973 728 4058 pariter
771 3982 978 4060 aptam
1027 3994 1278 4042 causam
1326 3995 1468 4039 esse
1505 3972 1923 4039 accidentium
1958 3971 2297 4061 siguificat.
2368 3974 2534 4038 Tum

317 4074 542 4138 iterum
589 4074 797 4154 docet,
843 4076 1016 4143 unde
1061 4088 1509 4166 cognoscatur,
1564 4099 1705 4143 esse
1749 4099 1820 4143 re
1865 4098 2017 4147 vera
2060 4076 2371 4163 quaedam
2415 4098 2535 4163 per

319 4175 643 4258 accidens,
712 4179 888 4267 quod
949 4179 1115 4246 idem
1176 4184 1500 4268 copiosius
1559 4181 1955 4248 demonstrat
2010 4180 2094 4247 de
2150 4183 2408 4266 interpr.
2468 4180 2532 4246 9.

315 4281 506 4347 Hunc
549 4284 802 4370 quidem
848 4289 1302 4351 sententiarum
1348 4285 1639 4351 ordinem
1682 4283 2079 4374 significasse
2117 4287 2269 4349 satis
2308 4293 2419 4361 est,
2463 4293 2536 4348 ut

317 4404 462 4451 eum
507 4408 630 4453 nec
674 4400 888 4476 aptum
933 4411 1056 4455 nec
1099 4392 1331 4455 iustum
1379 4410 1520 4454 esse
1566 4400 1887 4477 appareat.
1957 4387 2216 4475 Aliquid
2248 4396 2419 4452 certe
2450 4385 2534 4453 ad

313 4491 778 4559 restituendum
832 4492 1160 4561 meliorem
1215 4491 1508 4560 ordinem
1553 4492 1884 4581 proficias,
1938 4495 1995 4558 si
2038 4513 2141 4557 vv.
2183 4492 2322 4557 ⁶13
2365 4485 2532 4557 ὥστε

402 4596 609 4653 Ariotot.
635 4599 856 4671 metaph.
881 4600 962 4652 ed.
987 4599 1172 4654 Bonita
1193 4600 1309 4654 Vol.
1333 4599 1396 4652 II.
2060 4597 2126 4650 19
