3109 5175
607 355 703 429 34

610 551 738 596 rem
797 539 1041 616 partem
1090 529 1527 596 recensionem
1573 548 1715 594 esse
1757 525 2020 594 aloemm
2063 525 2368 594 librorum
2413 526 2547 593 ΒΓ
2539 527 2629 605 Ε,
2687 526 2817 592 for-

608 646 774 699 tasse
830 630 1287 719 discipulorum
1345 636 1411 697 in
1468 653 1649 697 usum
1693 634 2021 717 scriptam,
2077 653 2267 717 quum
2320 629 2535 698 denuo
2580 630 2816 697 docere

613 736 992 803 Aristoteles
1026 738 1289 823 primam
1318 735 1784 823 philosophiam
1815 739 2193 802 institueret.
2262 733 2539 800 Alteram
2569 733 2720 799 libri
2748 733 2821 799 K

608 852 853 929 partem
899 840 1203 929 physicae
1250 840 1580 906 doctrinae
1625 860 1765 905 esse
1809 840 2244 928 fragmentum,
2290 838 2465 925 quod
2508 841 2633 926 ipsi
2678 838 2818 924 Ari·

609 944 827 1011 stoteli
872 948 1197 1032 assignare
1241 946 1599 1010 Ravaisson
1643 964 1779 1009 non
1822 943 2077 1010 videtur
2120 943 2432 1009 dubitare.
2518 944 2818 1028 Denique

611 1060 925 1113 extremos
972 1059 1100 1113 tres
1145 1047 1342 1113 libros
1386 1052 1473 1113 ita
1518 1069 1663 1113 esse
1708 1049 2238 1133 transponendus,
2290 1057 2363 1113 ut
2404 1050 2627 1135 priore
2663 1045 2815 1111 loco

606 1161 929 1239 ponantur
972 1150 1119 1215 libri
1167 1153 1335 1230 MN,
1383 1151 1616 1237 quihus
1658 1150 1928 1218 aliorum
1972 1151 2202 1239 placita
2249 1163 2503 1217 enarret
2548 1161 2615 1215 et
2655 1150 2818 1215 iudi-

612 1268 728 1333 cet,
775 1258 1139 1342 posteriore
1169 1254 1320 1321 loco
1350 1254 1515 1320 liber
1539 1257 1634 1329 Λ,
1679 1276 1807 1341 quo
1853 1278 2028 1322 suam
2073 1260 2268 1343 ipsius
2311 1259 2688 1322 sententiam
2718 1275 2820 1319 ex-

609 1369 840 1447 ponat;
894 1358 1222 1446 vulgatum
1281 1358 1570 1425 ordinem
1627 1379 1761 1424 non
1808 1382 1883 1425 ex
1926 1370 2149 1427 namra
2195 1362 2317 1437 rei,
2375 1359 2491 1425 sed
2531 1379 2610 1425 ex
2656 1361 2818 1444 ipso,

612 1485 741 1551 quo
788 1464 1005 1548 scripti
1048 1466 1175 1527 sint
1219 1460 1392 1540 libri,
1451 1474 1739 1551 tempore
1787 1475 1994 1529 ortum
2042 1488 2182 1530 esse
2225 1463 2458 1537 videri3
2517 1464 2817 1549 scriptum

615 1570 781 1633 enim
828 1588 971 1631 esse
1015 1565 1242 1631 librum
1287 1570 1361 1631 A
1408 1580 1556 1632 ante
1601 1567 1802 1651 libros
1834 1570 1996 1635 MN
2029 1569 2184 1635 inde
2226 1566 2644 1654 probabiliter
2687 1564 2820 1631 col-

610 1671 756 1760 ligi,
814 1670 988 1757 quod
1045 1675 1113 1735 in
1170 1669 1337 1735 libro
1381 1674 1456 1737 A
1503 1675 1767 1736 mnnino
1826 1695 2135 1760 nusquam
2196 1672 2689 1758 disputationem
2747 1667 2820 1741 lis-

611 1774 745 1840 bris
792 1777 952 1841 MN
987 1773 1343 1840 absolutam
1389 1779 1700 1861 respiciat.
1783 1776 2002 1863 ltaque
2035 1780 2213 1863 ipsos
2251 1776 2454 1842 libros
2489 1773 2820 1866 metaphys-

611 1883 782 1944 sicos
825 1881 910 1944 ita
956 1883 1124 1945 inter
1165 1900 1237 1943 se
1280 1900 1420 1944 esse
1458 1880 1947 1958 continuandos,
1989 1890 2077 1960 ut,
2121 1882 2493 1967 praeposito
2536 1876 2823 1944 introdu-

614 1986 846 2048 ctionis
905 1982 1054 2049 loco
1110 1982 1278 2048 libro
1321 1985 1377 2048 A
1418 1986 1567 2066 περὶ
1610 1986 1742 2048 τῶν
1788 1987 2096 2069 ποσαχῶς
2143 1985 2545 2069 λεγομένων,
2603 1981 2821 2050 subse-

614 2096 891 2174 quantur
932 2086 1139 2151 ΑΒΓ
1131 2087 1338 2151 ΕΖΗ
1341 2085 1447 2152 ΘΙ
1456 2088 1491 2150 1
1507 2089 1652 2158 -4
1667 2090 1755 2152 M
1751 2090 1911 2153 NA.

746 2191 1018 2256 Omissis
1063 2190 1203 2253 aliis
1250 2190 1457 2268 rebus,
1502 2189 1586 2254 de
1629 2192 1859 2276 quibus
1902 2195 2044 2257 viro
2089 2192 2458 2258 doctissimo
2503 2210 2639 2255 non
2673 2205 2824 2275 pos-

611 2316 750 2360 sum
787 2297 1113 2370 assentire,
1158 2292 1222 2357 id
1267 2314 1459 2357 unum
1502 2294 1931 2378 quaerendum
1966 2295 2235 2373 videtur,
2280 2293 2454 2380 quod
2487 2315 2821 2358 commune

614 2395 809 2461 habet
851 2418 991 2478 curn
1037 2395 1283 2482 aliquot
1327 2418 1401 2461 ex
1446 2397 1899 2482 interpretibus
1939 2410 2127 2463 antea
2161 2399 2519 2476 nominatis,
2561 2409 2821 2463 rectene

614 2502 906 2565 statuerit
937 2499 1165 2565 librum
1195 2505 1269 2564 A
1317 2500 1687 2587 ponendum
1730 2523 1869 2568 esse
1906 2514 2056 2589 post
2093 2502 2295 2567 libros
2327 2503 2496 2568 MN.
2566 2499 2822 2587 Quodsi

614 2626 691 2671 ea
748 2603 1176 2671 intercederet
1232 2607 1399 2670 inter
1448 2605 1676 2672 librum
1721 2609 1796 2672 A
1843 2618 1908 2671 et
1954 2606 2157 2673 libros
2204 2609 2364 2674 MN
2398 2605 2824 2683 necessitudo,

615 2718 687 2774 ut
743 2707 972 2795 quibus
1030 2708 1113 2773 de
1156 2709 1349 2775 rebus
1391 2709 1574 2775 libris
1622 2713 1782 2777 MN
1817 2710 2085 2777 aliorum
2130 2713 2532 2797 persequitur
2574 2708 2823 2797 placitu,

615 2811 699 2876 de
743 2810 965 2876 iisdem
1011 2811 1181 2879 libro
1211 2819 1286 2879 A
1322 2837 1499 2880 suam
1536 2814 1814 2900 explicet
1843 2818 2240 2894 seutentiam,
2287 2813 2642 2900 probabilis
2673 2835 2824 2899 pru-

613 2914 788 2981 fecto
835 2927 1004 2981 esset
1046 2920 1101 2982 is
1141 2916 1447 2983 librorum
1484 2918 1667 2997 ordo,
1711 2942 1898 3006 quem
1931 2921 2288 2985 Ravaisson
2317 2921 2562 2987 restitui
2599 2916 2819 2983 voluit.

614 3019 858 3083 Verum
904 3039 1041 3083 nou
1085 3031 1184 3084 est
1226 3023 1329 3085 ita.
1422 3023 1711 3109 Namque
1768 3022 1946 3088 libris
1994 3024 2153 3087 MN
2189 3021 2272 3089 dc
2313 3021 2478 3089 ideis
2520 3023 2825 3089 numeris-

616 3144 745 3208 que
793 3133 858 3187 et
902 3121 984 3187 de
1031 3144 1251 3188 eorum
1298 3128 1625 3211 principiis
1670 3124 1823 3211 quid
1868 3124 2207 3192 docuerint
2244 3125 2559 3193 Platonici
2603 3135 2672 3189 et
2697 3126 2825 3212 Py-

618 3227 908 3315 thagorei
956 3225 1259 3312 explicat;
1303 3229 1533 3314 quibus
1577 3229 1828 3316 placitis
1872 3234 1928 3296 si
1975 3253 2082 3295 eas
2128 3229 2392 3295 volebat
2426 3251 2580 3295 suae
2617 3228 2824 3315 phuo-

616 3331 883 3417 sophiae
929 3342 1142 3417 partes
1189 3352 1551 3418 opponere,
1608 3334 1834 3419 quibus
1879 3333 1988 3399 illa
2033 3336 2486 3412 refutarentur,
2539 3335 2823 3401 numeris

615 3431 929 3499 idealibus
972 3455 1185 3501 veram
1232 3435 1335 3500 vel
1381 3458 1555 3503 suam
1602 3437 1685 3502 de
1729 3438 1920 3504 rebus
1959 3440 2411 3505 mathematicis
2445 3441 2823 3504 sententiam

618 3536 896 3603 debebat
939 3560 1302 3625 opponere,
1359 3563 1521 3627 quae
1580 3541 1833 3626 quidem
1879 3545 1946 3606 in
1994 3547 2138 3628 ipso
2184 3544 2500 3628 principio
2545 3540 2695 3607 libri
2737 3543 2833 3609 Μ

618 3646 985 3728 exponitur,
1032 3642 1192 3708 ideis
1239 3656 1448 3709 autem
1492 3665 1670 3708 suam
1717 3643 1798 3707 de
1843 3649 2113 3710 notione
2157 3645 2573 3725 substantiali,
2622 3647 2716 3731 τῷ
2758 3648 2824 3713 τί

617 3735 705 3823 ἦν
749 3741 944 3822 εἶναι,
1003 3745 1384 3825 doctrinam,
1443 3746 1691 3832 qualem
1751 3746 1918 3812 libro
1967 3749 2028 3811 Z
2066 3747 2483 3835 disceptatam
2527 3748 2819 3838 legimus.

617 3850 860 3914 Horum
907 3860 1115 3915 autem
1161 3848 1316 3914 nihil
1362 3852 1633 3914 inveniri
1686 3853 1753 3914 in
1798 3850 1965 3916 libro
2009 3858 2083 3917 A
2131 3874 2208 3917 ex
2253 3865 2627 3940 arg-umento
2673 3853 2823 3920 libri

619 3973 812 4039 supra
859 3964 1153 4018 enarratu
1200 3964 1480 4039 apparet.
1574 3953 1990 4041 Quapropter
2034 3959 2331 4040 quoniam
2378 3959 2545 4021 inter
2587 3957 2707 4022 hos
2753 3956 2823 4022 li-

618 4056 775 4120 bros
817 4059 1181 4142 neutiquam
1228 4078 1301 4120 ca
1348 4056 1688 4122 intercedit
1730 4058 2167 4139 necessitudo,
2225 4082 2408 4146 quarn
2453 4071 2521 4125 et
2561 4062 2825 4126 Ravais-

618 4180 742 4224 son
788 4172 853 4225 et
899 4158 1005 4223 alii
1048 4162 1337 4224 invenire
1380 4159 1502 4224 sibi
1545 4164 1666 4226 visi
1710 4170 1873 4241 sunt,
1918 4162 2077 4227 nihil
2115 4161 2483 4250 proficimus
2522 4163 2606 4228 ad
2645 4168 2825 4229 resti-

621 4261 922 4327 tuendum
970 4266 1338 4329 continuum
1385 4262 1835 4351 disputationis
1878 4277 2200 4347 tenorem,
2243 4270 2379 4332 sive
2423 4267 2624 4332 libros
2673 4270 2833 4333 MN

621 4375 770 4431 ante
811 4364 1039 4433 librum
1085 4371 1160 4436 A
1205 4370 1341 4435 sive
1388 4381 1539 4456 post
1585 4392 1724 4436 cum
1770 4374 2081 4458 ponimus,

752 4468 1051 4558 Denique
1095 4473 1285 4562 Aug.
1331 4474 1620 4541 Bernh.
1667 4475 2009 4541 Krische
2067 4475 2177 4542 ubi
2220 4477 2286 4541 in
2331 4474 2822 4562 interpretandis
