3109 5175
1188 382 1260 453 Β
1305 378 1375 454 3.
1451 377 1682 452 999α.
2397 378 2530 494 153

321 557 397 622 ἓν
440 557 535 639 τῷ
580 552 746 620 εεῖἃιἶ
778 554 945 621 duae
987 552 1292 642 pluresve
1335 554 1633 620 dicuntur
1675 575 1807 634 res,
1864 575 2029 640 quae
2073 553 2191 620 sub
2237 577 2423 620 unam
2468 569 2534 622 et

325 659 596 725 eandem
652 664 930 746 speeiem
986 659 1248 738 cadunt,
1306 659 1378 723 ἓν
1427 656 1601 724 κατὰ
1655 654 1733 724 τὸ
1790 652 1962 734 εἶδος
2007 681 2081 724 ea
2129 669 2227 724 est
2269 663 2532 745 species,

323 785 494 849 quae
553 785 687 827 non
741 762 890 850 ipsa'
935 766 1160 839 iterum
1212 764 1573 849 in·'tpecies
1617 761 1939 827 dividitur.
2030 762 2225 827 Unde
2268 773 2535 848 apparet

325 889 441 932 cur
485 866 669 931 aliter
711 868 777 931 in
821 876 1090 952 utraque
1132 869 1440 935 unitatum
1488 865 1896 930 distinctione
1950 865 2227 953 dignitas
2272 865 2530 931 definia-

324 980 461 1047 tur3
520 973 810 1036 nimirum
863 972 935 1034 tv
990 970 1085 1052 τῷ
1141 965 1416 1053 ἀριθμῷ
1471 969 1915 1053 perfectiorem
1968 969 2290 1058 significat
2333 973 2534 1034 unita·

325 1084 485 1152 tem,
530 1096 714 1160 quam
759 1074 827 1139 ἓν
873 1075 966 1156 τῷ
1009 1072 1187 1151 εἴδει,
1241 1075 1327 1136 ita
1374 1071 1627 1158 quidem
1672 1084 1743 1137 ut
1786 1072 1893 1137 illa
1940 1074 2105 1138 banc
2147 1083 2213 1137 et
2253 1074 2532 1159 relmas

322 1181 602 1243 unitates
646 1175 831 1242 simul
877 1176 1348 1263 complectatur.
1416 1177 1491 1240 ln
1533 1198 1611 1240 ea
1651 1188 1859 1241 autem
1895 1176 2322 1254 distinctione,
2368 1200 2531 1263 quae

322 1281 455 1346 boc
505 1281 656 1345 loco
715 1285 1086 1357 instituitur,
1145 1289 1217 1344 ut
1272 1278 1742 1367 distinguantur
1795 1278 2172 1363 ἀδιαίρετον
2226 1275 2398 1346 κατὰ
2454 1276 2531 1346 τὸ

322 1379 539 1450 ποσόν
582 1395 648 1450 et
689 1380 860 1449 κατὰ
903 1378 982 1449 τὸ
1015 1380 1201 1460 εἶδος,
1248 1383 1394 1447 huic
1422 1388 1723 1449 maiorem
1755 1383 1947 1449 tribui
1978 1384 2351 1471 dignitatem
2381 1402 2531 1449 con·

323 1497 697 1553 sentaueum
731 1498 842 1567 est,
871 1490 1168 1574 quoniam
1200 1480 1370 1563 εἶδος
1399 1487 1664 1553 formam
1695 1491 1789 1552 rei
1820 1490 2169 1567 constituit,
2199 1511 2318 1574 per
2344 1510 2530 1575 quam

322 1590 389 1655 id
438 1602 536 1656 est
580 1590 756 1678 quod
801 1602 914 1669 est,
958 1586 1169 1655 ποσόν
1211 1611 1369 1655 vero
1415 1591 1498 1656 ad
1540 1594 1865 1657 materiam
1912 1613 2118 1678 prope
2155 1592 2418 1657 accedit.
2443 1628 2532 1641 —-

323 1695 508 1759 Hanc
560 1698 756 1783 igitur
812 1694 1280 1759 distinctionem
1330 1695 1452 1760 τοῦ
1493 1692 1870 1780 ἀδιαιρέτου
1912 1692 2178 1760 adhibet
2221 1695 2302 1760 ad
2349 1699 2532 1784 aesti-

322 1798 553 1863 manda
597 1820 838 1888 genera
885 1820 1121 1863 summa
1167 1810 1234 1864 et
1275 1802 1520 1885 species
1557 1799 1838 1876 ultimam
1881 1798 2031 1864 illae
2066 1797 2435 1864 dividuntur
2464 1803 2530 1865 in

323 1906 588 1989 species,
632 1904 768 1982 hae,
813 1902 962 1967 licet
1006 1902 1130 1968 dici
1175 1906 1428 1988 possint
1470 1902 1673 1967 dividi
1717 1907 1782 1968 in
1828 1924 1928 1968 res
1964 1902 2268 1991 singulas,
2322 1915 2531 1968 tamen

321 2026 457 2072 non
501 2006 875 2072 dividuntur
920 2010 984 2071 in
1030 2010 1278 2092 species
1330 2003 1454 2087 (οὐ
1496 2003 1626 2090 γάρ
1672 2010 1810 2071 ἐστι
1852 2010 2041 2088 γένος
2086 2003 2123 2070 ὁ
2168 2000 2534 2091 ἄνθρωπος

322 2111 456 2175 τῶν
510 2110 708 2174 τινῶν
764 2107 1145 2196 ἀνθρώπων
1191 2112 1349 2189 b5);
1413 2129 1574 2196 ergo
1631 2114 1955 2195 proximae
2011 2111 2259 2195 species
2314 2113 2535 2197 potins

325 2235 510 2299 quam
555 2233 791 2279 summa
837 2235 1075 2301 genera
1127 2236 1260 2279 eam
1308 2213 1542 2279 habent
1587 2216 1919 2292 unitatem,
1977 2233 2163 2298 quam
2207 2216 2531 2300 requirere

323 2314 577 2382 videtin·
620 2319 911 2404 principii
958 2329 1199 2383 natura.

459 2420 724 2485 Accedit
780 2419 951 2485 aliud
1009 2432 1475 2510 argumentum,
1521 2422 1842 2497 «ιδ-14,
1900 2440 1976 2484 ex
2020 2440 2150 2505 qno
2194 2419 2530 2505 speciebus

323 2527 535 2610 potius
583 2547 766 2612 qnam
806 2526 1145 2613 generibus
1182 2529 1474 2614 principii
1515 2524 1885 2614 dignitatem
1916 2522 2358 2611 assignandam
2389 2544 2530 2589 esse

323 2640 646 2715 appareat.
733 2630 898 2694 Sunt
940 2630 1246 2716 quaedam
1293 2633 1542 2717 species
1587 2631 1672 2694 ita
1717 2631 1885 2692 inter
1927 2650 1999 2693 se
2042 2631 2421 2692 coniunctae
2466 2637 2532 2693 et

324 2733 684 2812 continuae,
730 2743 803 2797 ut
843 2738 1124 2819 proxima
1168 2755 1456 2820 quaeque
1491 2756 1530 2797 a
1562 2735 1898 2818 superiore
1931 2731 2214 2818 pendeat
2249 2740 2314 2796 et
2347 2754 2529 2797 suum

322 2858 617 2923 quaeque
660 2841 724 2902 in
772 2842 935 2902 serie
981 2837 1246 2902 definita
1292 2837 1503 2903 locum
1547 2836 1797 2900 habeat,
1876 2836 2052 2902 Haec
2096 2844 2196 2899 est
2239 2857 2531 2900 numero-

321 2963 478 3020 rum,
522 2942 680 3006 haec
719 2939 1062 3030 figurarum
1101 2946 1626 3029 geometricarum
1666 2942 1849 3004 ratio.
1916 2938 2325 3026 Singulorum
2362 2943 2529 3006 enim

322 3066 759 3130 numerorum,
806 3045 1003 3111 veluti
1050 3045 1278 3132 dyadis
1322 3044 1541 3110 triadis
1586 3041 1875 3120 tetradis,
1933 3053 2157 3108 natura
2202 3063 2283 3107 eo
2331 3047 2531 3108 conti-

323 3159 510 3212 netur
555 3149 727 3235 quod
772 3149 877 3214 vel
909 3161 1386 3236 anteponuntur
1412 3147 1516 3213 vel
1547 3155 2029 3233 postponuntur
2057 3150 2246 3211 certis
2278 3147 2529 3234 quibus-

323 3249 465 3316 dam
514 3252 683 3329 aliis;
726 3253 945 3319 similis
989 3257 1210 3341 puncti
1248 3252 1456 3317 lineae
1489 3251 1662 3337 plani
1698 3254 2004 3337 corporis,
2044 3249 2343 3338 trianguli
2378 3274 2530 3337 qua-

324 3354 620 3444 dreng-uli
661 3356 778 3421 rel.
825 3360 992 3421 inter
1036 3379 1106 3422 se
1148 3360 1334 3421 ratio.
1424 3356 1553 3418 lam
1614 3353 1771 3418 nihil
1817 3353 2069 3439 quidem
2115 3352 2334 3418 obstat
2377 3374 2530 3440 quo-

322 3463 528 3524 minus
573 3460 860 3549 singulas
901 3463 1146 3526 numeri
1205 3461 1452 3545 species
1504 3478 1634 3522 uno
1680 3460 1928 3520 numeri
1968 3478 2209 3545 genere
2255 3457 2531 3543 comple-

324 3575 593 3640 ctamur3
651 3564 765 3629 sed
818 3568 870 3629 si
917 3568 1056 3650 quis
1102 3566 1285 3629 huius
1331 3564 1615 3650 generis,
1674 3561 1918 3626 numeri
1966 3560 2140 3636 dico,
2199 3563 2527 3624 notionem

324 3670 610 3755 cog-itare
652 3667 756 3733 vel
803 3667 1073 3745 definire
1115 3668 1497 3754 susceperit,
1555 3663 1948 3744 descendere
2007 3684 2146 3727 eum
2204 3663 2532 3749 oportebit

324 3769 406 3834 ad
463 3775 662 3857 ipsam
721 3771 1117 3860 singulorum
1172 3792 1580 3837 numerorum
1625 3773 1881 3848 seriem,
1939 3788 2148 3852 neque
2193 3766 2529 3853 quidquam

324 3874 589 3940 babebit
632 3875 804 3963 quod
850 3879 1028 3963 quasi
1056 3876 1446 3941 abstractum
1466 3874 1813 3962 *esingulis
1843 3869 2180 3959 speciebus
2210 3890 2331 3957 pro
2364 3890 2531 3934 com-

325 3982 497 4043 muni
543 4001 785 4068 genere
826 3989 1058 4066 ponat,
1103 3976 1222 4046 οὐκ
1265 3984 1450 4044 ἔσται
1491 4002 1591 4055 τις
1630 3970 1935 4065 ἀριθμός
1972 3976 2129 4057 (int.
2176 3973 2262 4050 ὡς
2303 3976 2532 4057 γένος)

322 4076 547 4168 παρὰ
590 4078 676 4147 τοὶ
719 4081 859 4163 εἴδη
903 4084 1033 4148 τῶν
1079 4080 1395 4168 ἀριθμῶν
1430 4083 1547 4159 ὺΘς
1608 4103 1683 4145 ac
1739 4079 2007 4166 perinde
2050 4099 2295 4144 vanum*
2325 4088 2427 4143 est
2464 4088 2532 4142 et

324 4190 532 4264 inane,
577 4190 628 4251 si
676 4189 816 4273 quis
859 4185 1284 4251 universalem
1321 4185 1569 4273 figurae
1608 4187 1938 4254 notionem
1968 4185 2312 4249 seiunxerit
2339 4204 2379 4245 a
2405 4185 2531 4246 sin-

253 4341 264 4360 ,
321 4290 490 4379 gulis
532 4291 879 4379 figurarum
924 4289 1276 4377 speciebus.
1369 4291 1550 4377 Ergo
1610 4299 1676 4353 et
1717 4291 1783 4353 iu
1829 4290 2106 4353 numeris
2151 4297 2218 4352 et
2258 4290 2323 4351 in
2368 4285 2531 4374 figu-

323 4398 414 4459 ris
470 4396 920 4461 mathematicis
976 4415 1108 4460 non
1155 4414 1459 4458 summum
1503 4414 1736 4480 genus,
1794 4411 2091 4458 numerus
2144 4387 2248 4454 vel
2306 4388 2530 4476 ligura,

324 4499 438 4565 sed
485 4499 745 4565 ultimae
787 4503 1063 4587 specieS,
1121 4497 1318 4563 veluti
1373 4496 1536 4584 dyas
1593 4501 1746 4566 trias
1792 4494 2175 4584 triangulum
2221 4492 2531 4580 quadran-
