<?xml version="1.0" encoding="UTF-8"?>
<!DOCTYPE html PUBLIC "-//W3C//DTD XHTML 1.0 Transitional//EN"
    "http://www.w3.org/TR/xhtml1/DTD/xhtml1-transitional.dtd">
<html xmlns="http://www.w3.org/1999/xhtml" xml:lang="en" lang="en">
 <head>
  <title>
</title>
<meta http-equiv="Content-Type" content="text/html;charset=utf-8" />
  <meta name='ocr-system' content='tesseract 3.04.00' />
  <meta name='ocr-capabilities' content='ocr_page ocr_carea ocr_par ocr_line ocrx_word'/>
</head>
<body>
  <div class='ocr_page' id='page_1' title='image "aristotelismeta01bonigoog_0141.png"; bbox 0 0 3109 5175; ppageno 0'>
   <div class='ocr_carea' id='block_1_1' title="bbox 1209 387 2540 477">
    <p class='ocr_par' dir='ltr' id='par_1_1' title="bbox 1209 387 2540 477">
     <span class='ocr_line' id='line_1_1' title="bbox 1209 387 2540 477; baseline 0.009 -16"><span class='ocrx_word' id='word_1_1' title='bbox 1209 415 1260 461; x_wconf 88' lang='grc' dir='ltr'><strong><em>α</em></strong></span> <span class='ocrx_word' id='word_1_2' title='bbox 1306 387 1378 463; x_wconf 75' lang='grc'><strong>2.</strong></span> <span class='ocrx_word' id='word_1_3' title='bbox 1453 389 1687 469; x_wconf 67' lang='lat'><strong>9946.</strong></span> <span class='ocrx_word' id='word_1_4' title='bbox 2409 395 2540 477; x_wconf 77' lang='lat'><strong>131</strong></span> 
     </span>
    </p>
   </div>
   <div class='ocr_carea' id='block_1_2' title="bbox 320 561 2624 4480">
    <p class='ocr_par' dir='ltr' id='par_1_2' title="bbox 320 561 2624 4480">
     <span class='ocr_line' id='line_1_2' title="bbox 343 561 2547 651; baseline 0.005 -22"><span class='ocrx_word' id='word_1_5' title='bbox 343 561 513 629; x_wconf 78' lang='lat' dir='ltr'><strong>tollit</strong></span> <span class='ocrx_word' id='word_1_6' title='bbox 557 583 787 629; x_wconf 81' lang='lat' dir='ltr'><strong>causae</strong></span> <span class='ocrx_word' id='word_1_7' title='bbox 831 566 1194 642; x_wconf 82' lang='lat' dir='ltr'><strong>notionem,</strong></span> <span class='ocrx_word' id='word_1_8' title='bbox 1250 568 1357 651; x_wconf 87' lang='lat' dir='ltr'><strong>qui</strong></span> <span class='ocrx_word' id='word_1_9' title='bbox 1410 587 1657 633; x_wconf 80' lang='lat' dir='ltr'><strong>sursum</strong></span> <span class='ocrx_word' id='word_1_10' title='bbox 1702 566 2191 635; x_wconf 73' lang='lat' dir='ltr'><strong>ascendentibus</strong></span> <span class='ocrx_word' id='word_1_11' title='bbox 2233 570 2547 647; x_wconf 81' lang='lat' dir='ltr'><strong>infinitum</strong></span> 
     </span>
     <span class='ocr_line' id='line_1_3' title="bbox 341 668 2546 760; baseline 0.005 -30"><span class='ocrx_word' id='word_1_12' title='bbox 341 688 750 755; x_wconf 86' lang='lat' dir='ltr'><strong>progressum</strong></span> <span class='ocrx_word' id='word_1_13' title='bbox 794 680 1015 760; x_wconf 88' lang='lat' dir='ltr'><strong>patere</strong></span> <span class='ocrx_word' id='word_1_14' title='bbox 1061 668 1407 733; x_wconf 80' lang='lat' dir='ltr'><strong>contendit.</strong></span> <span class='ocrx_word' id='word_1_15' title='bbox 1483 674 1511 749; x_wconf 93' lang='lat'><strong>(</strong></span> <span class='ocrx_word' id='word_1_16' title='bbox 1524 688 1560 725; x_wconf 78' lang='lat' dir='ltr'><em>a</em></span> <span class='ocrx_word' id='word_1_17' title='bbox 1577 673 1660 734; x_wconf 85' lang='lat'><strong>16</strong></span> <span class='ocrx_word' id='word_1_18' title='bbox 1706 673 1836 736; x_wconf 81' lang='grc' dir='ltr'><strong>τῶν</strong></span> <span class='ocrx_word' id='word_1_19' title='bbox 1880 669 1939 735; x_wconf 85' lang='grc' dir='ltr'><strong>δ’</strong></span> <span class='ocrx_word' id='word_1_20' title='bbox 1979 669 2266 759; x_wconf 81' lang='grc' dir='ltr'><strong><em>ἀπείρων</em></strong></span> <span class='ocrx_word' id='word_1_21' title='bbox 2306 676 2546 741; x_wconf 77' lang='grc' dir='ltr'><em>τοῦτον</em></span> 
     </span>
     <span class='ocr_line' id='line_1_4' title="bbox 338 765 2545 862; baseline 0.003 -26"><span class='ocrx_word' id='word_1_22' title='bbox 338 765 462 839; x_wconf 71' lang='grc' dir='ltr'><strong>τὸν</strong></span> <span class='ocrx_word' id='word_1_23' title='bbox 502 767 754 857; x_wconf 78' lang='grc' dir='ltr'><strong><em>τρόπον</em></strong></span> <span class='ocrx_word' id='word_1_24' title='bbox 795 777 839 836; x_wconf 90' lang='lat' dir='ltr'><strong>i.</strong></span> <span class='ocrx_word' id='word_1_25' title='bbox 872 795 925 838; x_wconf 86' lang='lat' dir='ltr'><strong>e.</strong></span> <span class='ocrx_word' id='word_1_26' title='bbox 970 773 1103 837; x_wconf 79' lang='grc' dir='ltr'><strong>τῶν</strong></span> <span class='ocrx_word' id='word_1_27' title='bbox 1147 769 1433 859; x_wconf 78' lang='grc' dir='ltr'><strong><em>ἀπείρων</em></strong></span> <span class='ocrx_word' id='word_1_28' title='bbox 1474 768 1646 840; x_wconf 72' lang='grc' dir='ltr'><strong><em>κατὰ</em></strong></span> <span class='ocrx_word' id='word_1_29' title='bbox 1681 768 1805 854; x_wconf 72' lang='grc' dir='ltr'><strong>τὴν</strong></span> <span class='ocrx_word' id='word_1_30' title='bbox 1844 771 2234 862; x_wconf 77' lang='grc' dir='ltr'><strong><em>πρόσθεσιν,</em></strong></span> <span class='ocrx_word' id='word_1_31' title='bbox 2280 777 2360 843; x_wconf 79' lang='lat' dir='ltr'><strong>cf.</strong></span> <span class='ocrx_word' id='word_1_32' title='bbox 2396 780 2545 856; x_wconf 72' lang='lat'><strong>1230,</strong></span> 
     </span>
     <span class='ocr_line' id='line_1_5' title="bbox 335 872 2545 963; baseline 0.002 -22"><span class='ocrx_word' id='word_1_33' title='bbox 335 873 492 941; x_wconf 80' lang='lat' dir='ltr'><strong>inde</strong></span> <span class='ocrx_word' id='word_1_34' title='bbox 536 877 722 952; x_wconf 82' lang='lat' dir='ltr'><strong>enim,</strong></span> <span class='ocrx_word' id='word_1_35' title='bbox 766 875 940 960; x_wconf 88' lang='lat' dir='ltr'><strong>quod</strong></span> <span class='ocrx_word' id='word_1_36' title='bbox 986 898 1185 961; x_wconf 91' lang='lat' dir='ltr'><strong>usque</strong></span> <span class='ocrx_word' id='word_1_37' title='bbox 1232 879 1382 941; x_wconf 89' lang='lat' dir='ltr'><strong>novi</strong></span> <span class='ocrx_word' id='word_1_38' title='bbox 1430 872 1591 963; x_wconf 88' lang='lat' dir='ltr'><strong>quid</strong></span> <span class='ocrx_word' id='word_1_39' title='bbox 1637 880 2021 944; x_wconf 82' lang='lat' dir='ltr'><strong>extrinsecus</strong></span> <span class='ocrx_word' id='word_1_40' title='bbox 2067 878 2336 961; x_wconf 81' lang='lat' dir='ltr'><strong>additur,</strong></span> <span class='ocrx_word' id='word_1_41' title='bbox 2387 881 2545 946; x_wconf 86' lang='lat' dir='ltr'><strong>haec</strong></span> 
     </span>
     <span class='ocr_line' id='line_1_6' title="bbox 338 978 2543 1065; baseline 0.003 -22"><span class='ocrx_word' id='word_1_42' title='bbox 338 981 582 1045; x_wconf 75' lang='lat' dir='ltr'><strong>exsistit</strong></span> <span class='ocrx_word' id='word_1_43' title='bbox 615 978 912 1057; x_wconf 76' lang='lat' dir='ltr'><strong>infinitas,</strong></span> <span class='ocrx_word' id='word_1_44' title='bbox 946 1001 1065 1045; x_wconf 90' lang='lat' dir='ltr'><strong>nec</strong></span> <span class='ocrx_word' id='word_1_45' title='bbox 1091 1001 1250 1047; x_wconf 83' lang='lat' dir='ltr'><strong>vero</strong></span> <span class='ocrx_word' id='word_1_46' title='bbox 1279 984 1648 1047; x_wconf 86' lang='lat' dir='ltr'><strong>continuata</strong></span> <span class='ocrx_word' id='word_1_47' title='bbox 1679 982 1817 1045; x_wconf 89' lang='lat' dir='ltr'><strong>sine</strong></span> <span class='ocrx_word' id='word_1_48' title='bbox 1846 981 1979 1046; x_wconf 88' lang='lat' dir='ltr'><strong>fine</strong></span> <span class='ocrx_word' id='word_1_49' title='bbox 2012 981 2345 1062; x_wconf 87' lang='lat' dir='ltr'><strong>divisione,</strong></span> <span class='ocrx_word' id='word_1_50' title='bbox 2372 980 2543 1065; x_wconf 66' lang='lat' dir='ltr'><strong>naz-oi</strong></span> 
     </span>
     <span class='ocr_line' id='line_1_7' title="bbox 335 1082 2542 1175; baseline 0.003 -28"><span class='ocrx_word' id='word_1_51' title='bbox 335 1083 673 1168; x_wconf 76' lang='grc' dir='ltr'><strong><em>διαίρεσιν,</em></strong></span> <span class='ocrx_word' id='word_1_52' title='bbox 718 1082 798 1146; x_wconf 83' lang='lat' dir='ltr'><strong>cf.</strong></span> <span class='ocrx_word' id='word_1_53' title='bbox 836 1085 1029 1164; x_wconf 73' lang='lat'><strong>⁶23.)</strong></span> <span class='ocrx_word' id='word_1_54' title='bbox 1119 1083 1450 1149; x_wconf 79' lang='lat' dir='ltr'><strong>Pertinere</strong></span> <span class='ocrx_word' id='word_1_55' title='bbox 1494 1095 1703 1148; x_wconf 88' lang='lat' dir='ltr'><strong>autem</strong></span> <span class='ocrx_word' id='word_1_56' title='bbox 1750 1086 2107 1151; x_wconf 83' lang='lat' dir='ltr'><strong>universam</strong></span> <span class='ocrx_word' id='word_1_57' title='bbox 2153 1086 2316 1151; x_wconf 88' lang='lat' dir='ltr'><strong>hanc</strong></span> <span class='ocrx_word' id='word_1_58' title='bbox 2359 1110 2542 1175; x_wconf 87' lang='lat' dir='ltr'><strong>argu-</strong></span> 
     </span>
     <span class='ocr_line' id='line_1_8' title="bbox 332 1187 2542 1275; baseline 0.003 -25"><span class='ocrx_word' id='word_1_59' title='bbox 332 1190 789 1251; x_wconf 85' lang='lat' dir='ltr'><strong>mentationem</strong></span> <span class='ocrx_word' id='word_1_60' title='bbox 847 1187 930 1255; x_wconf 81' lang='lat' dir='ltr'><strong>ad</strong></span> <span class='ocrx_word' id='word_1_61' title='bbox 987 1209 1124 1253; x_wconf 86' lang='lat' dir='ltr'><strong>eam</strong></span> <span class='ocrx_word' id='word_1_62' title='bbox 1174 1188 1758 1275; x_wconf 81' lang='lat' dir='ltr'><strong>investigationem,</strong></span> <span class='ocrx_word' id='word_1_63' title='bbox 1818 1209 2006 1273; x_wconf 88' lang='lat' dir='ltr'><strong>quum</strong></span> <span class='ocrx_word' id='word_1_64' title='bbox 2054 1189 2133 1253; x_wconf 84' lang='lat' dir='ltr'><strong>ab</strong></span> <span class='ocrx_word' id='word_1_65' title='bbox 2182 1190 2417 1259; x_wconf 79' lang='lat' dir='ltr'><strong>effectu</strong></span> <span class='ocrx_word' id='word_1_66' title='bbox 2460 1190 2542 1257; x_wconf 88' lang='lat' dir='ltr'><strong>ad</strong></span> 
     </span>
     <span class='ocr_line' id='line_1_9' title="bbox 331 1288 2624 1380; baseline 0.004 -26"><span class='ocrx_word' id='word_1_67' title='bbox 331 1310 585 1355; x_wconf 86' lang='lat' dir='ltr'><strong>causam</strong></span> <span class='ocrx_word' id='word_1_68' title='bbox 631 1299 697 1354; x_wconf 87' lang='lat' dir='ltr'><strong>et</strong></span> <span class='ocrx_word' id='word_1_69' title='bbox 739 1288 819 1354; x_wconf 88' lang='lat' dir='ltr'><strong>ad</strong></span> <span class='ocrx_word' id='word_1_70' title='bbox 863 1290 1048 1357; x_wconf 87' lang='lat' dir='ltr'><strong>huius</strong></span> <span class='ocrx_word' id='word_1_71' title='bbox 1093 1293 1323 1357; x_wconf 86' lang='lat' dir='ltr'><strong>iterum</strong></span> <span class='ocrx_word' id='word_1_72' title='bbox 1371 1312 1600 1357; x_wconf 90' lang='lat' dir='ltr'><strong>causae</strong></span> <span class='ocrx_word' id='word_1_73' title='bbox 1647 1312 1894 1355; x_wconf 85' lang='lat' dir='ltr'><strong>causam</strong></span> <span class='ocrx_word' id='word_1_74' title='bbox 1933 1292 2391 1380; x_wconf 76' lang='lat' dir='ltr'><strong>progredimur,</strong></span> <span class='ocrx_word' id='word_1_75' title='bbox 2435 1296 2541 1363; x_wconf 77' lang='grc' dir='ltr'><strong>ἐπὶ</strong></span> <span class='ocrx_word' id='word_1_76' title='bbox 2618 1308 2624 1314; x_wconf 77' lang='grc'><em>“</em></span> 
     </span>
     <span class='ocr_line' id='line_1_10' title="bbox 328 1386 2541 1479; baseline 0.004 -21"><span class='ocrx_word' id='word_1_77' title='bbox 328 1388 409 1459; x_wconf 78' lang='grc' dir='ltr'><strong>τὸ</strong></span> <span class='ocrx_word' id='word_1_78' title='bbox 457 1386 611 1471; x_wconf 76' lang='grc' dir='ltr'><em>ἄνω,</em></span> <span class='ocrx_word' id='word_1_79' title='bbox 657 1403 723 1459; x_wconf 89' lang='lat' dir='ltr'><strong>et</strong></span> <span class='ocrx_word' id='word_1_80' title='bbox 765 1403 1029 1479; x_wconf 88' lang='lat' dir='ltr'><strong>propter</strong></span> <span class='ocrx_word' id='word_1_81' title='bbox 1074 1393 1356 1479; x_wconf 81' lang='lat' dir='ltr'><strong>exempla</strong></span> <span class='ocrx_word' id='word_1_82' title='bbox 1402 1414 1594 1479; x_wconf 85' lang='lat' dir='ltr'><strong>supra</strong></span> <span class='ocrx_word' id='word_1_83' title='bbox 1631 1392 1822 1461; x_wconf 84' lang='lat' dir='ltr'><strong>allata</strong></span> <span class='ocrx_word' id='word_1_84' title='bbox 1858 1398 2146 1467; x_wconf 81' lang='lat' dir='ltr'><strong>a3—ll</strong></span> <span class='ocrx_word' id='word_1_85' title='bbox 2198 1396 2541 1467; x_wconf 77' lang='lat' dir='ltr'><strong>verisimile</strong></span> 
     </span>
     <span class='ocr_line' id='line_1_11' title="bbox 329 1496 2540 1585; baseline 0.001 -22"><span class='ocrx_word' id='word_1_86' title='bbox 329 1507 451 1575; x_wconf 86' lang='lat' dir='ltr'><strong>est,</strong></span> <span class='ocrx_word' id='word_1_87' title='bbox 495 1508 560 1563; x_wconf 86' lang='lat' dir='ltr'><strong>et</strong></span> <span class='ocrx_word' id='word_1_88' title='bbox 604 1518 684 1561; x_wconf 92' lang='lat' dir='ltr'><strong>eo</strong></span> <span class='ocrx_word' id='word_1_89' title='bbox 733 1496 1143 1563; x_wconf 87' lang='lat' dir='ltr'><strong>confirmatur</strong></span> <span class='ocrx_word' id='word_1_90' title='bbox 1185 1499 1360 1585; x_wconf 84' lang='lat' dir='ltr'><strong>quod</strong></span> <span class='ocrx_word' id='word_1_91' title='bbox 1406 1497 1707 1582; x_wconf 83' lang='lat' dir='ltr'><strong>deinceps</strong></span> <span class='ocrx_word' id='word_1_92' title='bbox 1761 1498 1842 1563; x_wconf 90' lang='lat' dir='ltr'><strong>ad</strong></span> <span class='ocrx_word' id='word_1_93' title='bbox 1888 1498 2149 1565; x_wconf 81' lang='lat' dir='ltr'><strong>aiteram</strong></span> <span class='ocrx_word' id='word_1_94' title='bbox 2194 1500 2540 1585; x_wconf 89' lang='lat' dir='ltr'><strong>quaerendi</strong></span> 
     </span>
     <span class='ocr_line' id='line_1_12' title="bbox 327 1599 2539 1681; baseline 0.002 -17"><span class='ocrx_word' id='word_1_95' title='bbox 327 1605 496 1667; x_wconf 81' lang='lat' dir='ltr'><strong>viam</strong></span> <span class='ocrx_word' id='word_1_96' title='bbox 552 1605 804 1679; x_wconf 63' lang='lat' dir='ltr'><strong>nansit,</strong></span> <span class='ocrx_word' id='word_1_97' title='bbox 862 1600 976 1667; x_wconf 89' lang='lat' dir='ltr'><strong>ubi</strong></span> <span class='ocrx_word' id='word_1_98' title='bbox 1020 1622 1057 1667; x_wconf 88' lang='lat' dir='ltr'><strong>a</strong></span> <span class='ocrx_word' id='word_1_99' title='bbox 1104 1622 1289 1667; x_wconf 85' lang='lat' dir='ltr'><strong>causa</strong></span> <span class='ocrx_word' id='word_1_100' title='bbox 1335 1602 1417 1669; x_wconf 87' lang='lat' dir='ltr'><strong>ad</strong></span> <span class='ocrx_word' id='word_1_101' title='bbox 1464 1601 1764 1667; x_wconf 79' lang='lat' dir='ltr'><strong>effectum</strong></span> <span class='ocrx_word' id='word_1_102' title='bbox 1822 1600 2255 1681; x_wconf 82' lang='lat' dir='ltr'><strong>descenditur,</strong></span> <span class='ocrx_word' id='word_1_103' title='bbox 2311 1605 2417 1668; x_wconf 76' lang='grc' dir='ltr'><strong>ἐπὶ</strong></span> <span class='ocrx_word' id='word_1_104' title='bbox 2459 1599 2539 1669; x_wconf 83' lang='grc' dir='ltr'><strong>τὸ</strong></span> 
     </span>
     <span class='ocr_line' id='line_1_13' title="bbox 325 1700 2542 1794; baseline 0.001 -25"><span class='ocrx_word' id='word_1_105' title='bbox 325 1700 527 1783; x_wconf 78' lang='grc' dir='ltr'><em>κάτω,</em></span> <span class='ocrx_word' id='word_1_106' title='bbox 572 1714 638 1769; x_wconf 89' lang='lat' dir='ltr'><strong>et</strong></span> <span class='ocrx_word' id='word_1_107' title='bbox 681 1725 763 1767; x_wconf 87' lang='lat' dir='ltr'><strong>ne</strong></span> <span class='ocrx_word' id='word_1_108' title='bbox 807 1707 874 1769; x_wconf 92' lang='lat' dir='ltr'><strong>in</strong></span> <span class='ocrx_word' id='word_1_109' title='bbox 921 1727 996 1771; x_wconf 85' lang='lat' dir='ltr'><strong>ea</strong></span> <span class='ocrx_word' id='word_1_110' title='bbox 1040 1705 1291 1791; x_wconf 86' lang='lat' dir='ltr'><strong>quidem</strong></span> <span class='ocrx_word' id='word_1_111' title='bbox 1338 1704 1715 1773; x_wconf 81' lang='lat' dir='ltr'><strong>infinitatem</strong></span> <span class='ocrx_word' id='word_1_112' title='bbox 1759 1707 1970 1771; x_wconf 87' lang='lat' dir='ltr'><strong>inesse</strong></span> <span class='ocrx_word' id='word_1_113' title='bbox 2017 1726 2210 1791; x_wconf 89' lang='lat' dir='ltr'><strong>posse</strong></span> <span class='ocrx_word' id='word_1_114' title='bbox 2250 1728 2542 1794; x_wconf 86' lang='lat' dir='ltr'><strong>compro-</strong></span> 
     </span>
     <span class='ocr_line' id='line_1_14' title="bbox 325 1802 2467 1886; baseline 0 -14"><span class='ocrx_word' id='word_1_115' title='bbox 325 1808 460 1873; x_wconf 87' lang='lat' dir='ltr'><strong>bat.</strong></span> <span class='ocrx_word' id='word_1_116' title='bbox 525 1808 630 1873; x_wconf 87' lang='lat' dir='ltr'><strong>De</strong></span> <span class='ocrx_word' id='word_1_117' title='bbox 659 1827 839 1873; x_wconf 82' lang='lat' dir='ltr'><strong>vocc.</strong></span> <span class='ocrx_word' id='word_1_118' title='bbox 873 1802 1029 1886; x_wconf 75' lang='grc' dir='ltr'><em>ἅνω,</em></span> <span class='ocrx_word' id='word_1_119' title='bbox 1066 1804 1240 1875; x_wconf 80' lang='grc' dir='ltr'><em>κάτω</em></span> <span class='ocrx_word' id='word_1_120' title='bbox 1277 1809 1355 1874; x_wconf 84' lang='lat' dir='ltr'><strong>cf.</strong></span> <span class='ocrx_word' id='word_1_121' title='bbox 1388 1807 1468 1872; x_wconf 90' lang='lat' dir='ltr'><strong>ad</strong></span> <span class='ocrx_word' id='word_1_122' title='bbox 1498 1810 1571 1873; x_wconf 82' lang='lat' dir='ltr'><em>A</em></span> <span class='ocrx_word' id='word_1_123' title='bbox 1601 1812 1662 1873; x_wconf 85' lang='lat'><strong>9.</strong></span> <span class='ocrx_word' id='word_1_124' title='bbox 1694 1810 1863 1875; x_wconf 82' lang='lat' dir='ltr'><strong><em>992a</em></strong></span> <span class='ocrx_word' id='word_1_125' title='bbox 1890 1811 1970 1873; x_wconf 87' lang='lat'><strong>17</strong></span> <span class='ocrx_word' id='word_1_126' title='bbox 2008 1818 2073 1873; x_wconf 90' lang='lat' dir='ltr'><strong>et</strong></span> <span class='ocrx_word' id='word_1_127' title='bbox 2096 1810 2323 1875; x_wconf 84' lang='lat' dir='ltr'><strong>Waitz</strong></span> <span class='ocrx_word' id='word_1_128' title='bbox 2350 1809 2393 1874; x_wconf 87' lang='lat' dir='ltr'><strong>l.</strong></span> <span class='ocrx_word' id='word_1_129' title='bbox 2425 1809 2467 1873; x_wconf 91' lang='lat' dir='ltr'><strong>l.</strong></span> 
     </span>
     <span class='ocr_line' id='line_1_15' title="bbox 463 1904 2539 1996; baseline 0 -19"><span class='ocrx_word' id='word_1_130' title='bbox 463 1915 630 1977; x_wconf 74' lang='lat'><strong>9940</strong></span> <span class='ocrx_word' id='word_1_131' title='bbox 660 1913 746 1976; x_wconf 86' lang='lat'><strong>19</strong></span> <span class='ocrx_word' id='word_1_132' title='bbox 783 1904 989 1976; x_wconf 78' lang='grc' dir='ltr'><strong><em>ἀλλὰ</em></strong></span> <span class='ocrx_word' id='word_1_133' title='bbox 1027 1910 1186 1990; x_wconf 80' lang='grc' dir='ltr'><strong>μὴν</strong></span> <span class='ocrx_word' id='word_1_134' title='bbox 1224 1908 1386 1981; x_wconf 82' lang='grc' dir='ltr'><strong><em>οὐδ’</em></strong></span> <span class='ocrx_word' id='word_1_135' title='bbox 1421 1913 1551 1978; x_wconf 68' lang='grc' dir='ltr'><strong>ἐπὶ</strong></span> <span class='ocrx_word' id='word_1_136' title='bbox 1587 1906 1679 1977; x_wconf 78' lang='grc' dir='ltr'><strong>τὰ</strong></span> <span class='ocrx_word' id='word_1_137' title='bbox 1713 1908 1926 1979; x_wconf 82' lang='grc' dir='ltr'><strong><em>κάτω</em></strong></span> <span class='ocrx_word' id='word_1_138' title='bbox 1960 1948 2038 1961; x_wconf 91' lang='grc'><strong>-</strong></span> <span class='ocrx_word' id='word_1_139' title='bbox 2077 1912 2163 1977; x_wconf 72' lang='lat'><strong>⁶6</strong></span> <span class='ocrx_word' id='word_1_140' title='bbox 2200 1914 2370 1978; x_wconf 72' lang='grc' dir='ltr'><strong>ἐστὶ</strong></span> <span class='ocrx_word' id='word_1_141' title='bbox 2408 1917 2539 1996; x_wconf 76' lang='grc' dir='ltr'><strong>γέ-</strong></span> 
     </span>
     <span class='ocr_line' id='line_1_16' title="bbox 322 2007 2540 2100; baseline -0 -20"><span class='ocrx_word' id='word_1_142' title='bbox 322 2035 566 2091; x_wconf 79' lang='grc' dir='ltr'><strong><em>νεσις.</em></strong></span> <span class='ocrx_word' id='word_1_143' title='bbox 644 2015 860 2100; x_wconf 84' lang='lat' dir='ltr'><strong>Quum</strong></span> <span class='ocrx_word' id='word_1_144' title='bbox 907 2012 1187 2079; x_wconf 87' lang='lat' dir='ltr'><strong>infinitas</strong></span> <span class='ocrx_word' id='word_1_145' title='bbox 1231 2034 1366 2079; x_wconf 89' lang='lat' dir='ltr'><strong>non</strong></span> <span class='ocrx_word' id='word_1_146' title='bbox 1412 2036 1555 2079; x_wconf 87' lang='lat' dir='ltr'><strong>esse</strong></span> <span class='ocrx_word' id='word_1_147' title='bbox 1605 2036 1823 2078; x_wconf 82' lang='lat' dir='ltr'><strong>causas</strong></span> <span class='ocrx_word' id='word_1_148' title='bbox 1868 2015 1975 2078; x_wconf 80' lang='grc' dir='ltr'><strong>ἐπὶ</strong></span> <span class='ocrx_word' id='word_1_149' title='bbox 2018 2007 2094 2078; x_wconf 82' lang='grc' dir='ltr'><strong>τὸ</strong></span> <span class='ocrx_word' id='word_1_150' title='bbox 2139 2009 2276 2079; x_wconf 78' lang='grc' dir='ltr'><strong>ἅνω</strong></span> <span class='ocrx_word' id='word_1_151' title='bbox 2325 2036 2397 2079; x_wconf 89' lang='lat' dir='ltr'><strong>ea</strong></span> <span class='ocrx_word' id='word_1_152' title='bbox 2443 2037 2540 2079; x_wconf 89' lang='lat' dir='ltr'><strong>ra-</strong></span> 
     </span>
     <span class='ocr_line' id='line_1_17' title="bbox 323 2114 2542 2203; baseline 0 -20"><span class='ocrx_word' id='word_1_153' title='bbox 323 2122 748 2183; x_wconf 88' lang='lat' dir='ltr'><strong>tiocinatione</strong></span> <span class='ocrx_word' id='word_1_154' title='bbox 787 2115 1210 2202; x_wconf 86' lang='lat' dir='ltr'><strong>philosophus</strong></span> <span class='ocrx_word' id='word_1_155' title='bbox 1249 2117 1779 2203; x_wconf 82' lang='lat' dir='ltr'><strong>comprobaverit,</strong></span> <span class='ocrx_word' id='word_1_156' title='bbox 1825 2137 1987 2203; x_wconf 88' lang='lat' dir='ltr'><strong>quae</strong></span> <span class='ocrx_word' id='word_1_157' title='bbox 2027 2114 2107 2181; x_wconf 92' lang='lat' dir='ltr'><strong>ad</strong></span> <span class='ocrx_word' id='word_1_158' title='bbox 2147 2120 2354 2183; x_wconf 82' lang='lat' dir='ltr'><strong>omnia</strong></span> <span class='ocrx_word' id='word_1_159' title='bbox 2399 2139 2542 2184; x_wconf 88' lang='lat' dir='ltr'><strong>cau-</strong></span> 
     </span>
     <span class='ocr_line' id='line_1_18' title="bbox 322 2218 2539 2309; baseline 0.001 -23"><span class='ocrx_word' id='word_1_160' title='bbox 322 2243 537 2287; x_wconf 87' lang='lat' dir='ltr'><strong>sarum</strong></span> <span class='ocrx_word' id='word_1_161' title='bbox 583 2242 822 2309; x_wconf 86' lang='lat' dir='ltr'><strong>genera</strong></span> <span class='ocrx_word' id='word_1_162' title='bbox 866 2218 1051 2285; x_wconf 85' lang='lat' dir='ltr'><strong>simul</strong></span> <span class='ocrx_word' id='word_1_163' title='bbox 1098 2225 1442 2307; x_wconf 81' lang='lat' dir='ltr'><strong>pertineat,</strong></span> <span class='ocrx_word' id='word_1_164' title='bbox 1499 2222 1637 2286; x_wconf 84' lang='lat' dir='ltr'><strong>iure</strong></span> <span class='ocrx_word' id='word_1_165' title='bbox 1684 2231 2011 2306; x_wconf 81' lang='lat' dir='ltr'><strong>exspectes</strong></span> <span class='ocrx_word' id='word_1_166' title='bbox 2059 2242 2199 2289; x_wconf 89' lang='lat' dir='ltr'><strong>eum</strong></span> <span class='ocrx_word' id='word_1_167' title='bbox 2244 2219 2351 2285; x_wconf 82' lang='lat' dir='ltr'><strong>vel</strong></span> <span class='ocrx_word' id='word_1_168' title='bbox 2395 2243 2539 2307; x_wconf 89' lang='lat' dir='ltr'><strong>per·</strong></span> 
     </span>
     <span class='ocr_line' id='line_1_19' title="bbox 321 2318 2537 2412; baseline 0 -23"><span class='ocrx_word' id='word_1_169' title='bbox 321 2323 480 2389; x_wconf 86' lang='lat' dir='ltr'><strong>inde</strong></span> <span class='ocrx_word' id='word_1_170' title='bbox 527 2323 866 2411; x_wconf 77' lang='lat' dir='ltr'><strong>universali</strong></span> <span class='ocrx_word' id='word_1_171' title='bbox 910 2327 1462 2412; x_wconf 83' lang='lat' dir='ltr'><strong>argumentatione</strong></span> <span class='ocrx_word' id='word_1_172' title='bbox 1513 2323 1891 2391; x_wconf 84' lang='lat' dir='ltr'><strong>infinitatem</strong></span> <span class='ocrx_word' id='word_1_173' title='bbox 1939 2345 2265 2390; x_wconf 88' lang='lat' dir='ltr'><strong>causarum</strong></span> <span class='ocrx_word' id='word_1_174' title='bbox 2311 2327 2416 2389; x_wconf 76' lang='grc' dir='ltr'><strong>ἐπὶ</strong></span> <span class='ocrx_word' id='word_1_175' title='bbox 2461 2318 2537 2389; x_wconf 85' lang='grc' dir='ltr'><strong>τὸ</strong></span> 
     </span>
     <span class='ocr_line' id='line_1_20' title="bbox 321 2422 2539 2516; baseline 0 -23"><span class='ocrx_word' id='word_1_176' title='bbox 321 2422 508 2493; x_wconf 79' lang='grc' dir='ltr'><strong>κάτω</strong></span> <span class='ocrx_word' id='word_1_177' title='bbox 559 2428 1001 2505; x_wconf 78' lang='lat' dir='ltr'><strong>refutaturum,</strong></span> <span class='ocrx_word' id='word_1_178' title='bbox 1058 2426 1164 2493; x_wconf 79' lang='lat' dir='ltr'><strong>vel</strong></span> <span class='ocrx_word' id='word_1_179' title='bbox 1222 2426 1474 2516; x_wconf 84' lang='lat' dir='ltr'><strong>singula</strong></span> <span class='ocrx_word' id='word_1_180' title='bbox 1518 2447 1848 2495; x_wconf 81' lang='lat' dir='ltr'><strong>causarum</strong></span> <span class='ocrx_word' id='word_1_181' title='bbox 1893 2449 2131 2515; x_wconf 87' lang='lat' dir='ltr'><strong>genera</strong></span> <span class='ocrx_word' id='word_1_182' title='bbox 2177 2449 2288 2491; x_wconf 88' lang='lat' dir='ltr'><strong>sua</strong></span> <span class='ocrx_word' id='word_1_183' title='bbox 2336 2426 2539 2513; x_wconf 88' lang='lat' dir='ltr'><strong>quod-</strong></span> 
     </span>
     <span class='ocr_line' id='line_1_21' title="bbox 323 2533 2538 2619; baseline 0.001 -23"><span class='ocrx_word' id='word_1_184' title='bbox 323 2552 454 2618; x_wconf 88' lang='lat' dir='ltr'><strong>que</strong></span> <span class='ocrx_word' id='word_1_185' title='bbox 499 2535 1045 2619; x_wconf 76' lang='lat' dir='ltr'><strong>argumentatione</strong></span> <span class='ocrx_word' id='word_1_186' title='bbox 1088 2542 1586 2618; x_wconf 86' lang='lat' dir='ltr'><strong>persecuturum,</strong></span> <span class='ocrx_word' id='word_1_187' title='bbox 1644 2541 1709 2600; x_wconf 87' lang='lat' dir='ltr'><strong>et</strong></span> <span class='ocrx_word' id='word_1_188' title='bbox 1753 2533 1848 2600; x_wconf 84' lang='lat' dir='ltr'><strong>his</strong></span> <span class='ocrx_word' id='word_1_189' title='bbox 1893 2533 2201 2600; x_wconf 84' lang='lat' dir='ltr'><strong>confectis</strong></span> <span class='ocrx_word' id='word_1_190' title='bbox 2247 2533 2538 2598; x_wconf 81' lang='lat' dir='ltr'><strong>transitu-</strong></span> 
     </span>
     <span class='ocr_line' id='line_1_22' title="bbox 320 2634 2537 2723; baseline -0.001 -23"><span class='ocrx_word' id='word_1_191' title='bbox 320 2657 464 2700; x_wconf 86' lang='lat' dir='ltr'><strong>rum</strong></span> <span class='ocrx_word' id='word_1_192' title='bbox 523 2634 605 2701; x_wconf 89' lang='lat' dir='ltr'><strong>ad</strong></span> <span class='ocrx_word' id='word_1_193' title='bbox 659 2635 920 2704; x_wconf 81' lang='lat' dir='ltr'><strong>aiteram</strong></span> <span class='ocrx_word' id='word_1_194' title='bbox 977 2635 1425 2721; x_wconf 70' lang='lat' dir='ltr'><strong>disputationis</strong></span> <span class='ocrx_word' id='word_1_195' title='bbox 1482 2645 1759 2723; x_wconf 87' lang='lat' dir='ltr'><strong>partem,</strong></span> <span class='ocrx_word' id='word_1_196' title='bbox 1816 2645 1890 2702; x_wconf 87' lang='lat' dir='ltr'><strong>ut</strong></span> <span class='ocrx_word' id='word_1_197' title='bbox 1944 2657 2065 2700; x_wconf 89' lang='lat' dir='ltr'><strong>nec</strong></span> <span class='ocrx_word' id='word_1_198' title='bbox 2115 2656 2353 2723; x_wconf 85' lang='lat' dir='ltr'><strong>genera</strong></span> <span class='ocrx_word' id='word_1_199' title='bbox 2400 2638 2537 2721; x_wconf 85' lang='lat' dir='ltr'><strong>ipsa</strong></span> 
     </span>
     <span class='ocr_line' id='line_1_23' title="bbox 323 2737 2537 2824; baseline -0 -22"><span class='ocrx_word' id='word_1_200' title='bbox 323 2760 654 2804; x_wconf 76' lang='lat' dir='ltr'><strong>causarum</strong></span> <span class='ocrx_word' id='word_1_201' title='bbox 707 2739 959 2808; x_wconf 80' lang='lat' dir='ltr'><strong>infinita</strong></span> <span class='ocrx_word' id='word_1_202' title='bbox 1017 2760 1158 2804; x_wconf 86' lang='lat' dir='ltr'><strong>esse</strong></span> <span class='ocrx_word' id='word_1_203' title='bbox 1217 2737 1462 2808; x_wconf 86' lang='lat' dir='ltr'><strong>doceat.</strong></span> <span class='ocrx_word' id='word_1_204' title='bbox 1554 2739 1685 2808; x_wconf 86' lang='lat' dir='ltr'><strong>Sed</strong></span> <span class='ocrx_word' id='word_1_205' title='bbox 1733 2760 1766 2803; x_wconf 93' lang='lat' dir='ltr'><strong>a</strong></span> <span class='ocrx_word' id='word_1_206' title='bbox 1812 2737 1924 2806; x_wconf 85' lang='lat' dir='ltr'><strong>tali</strong></span> <span class='ocrx_word' id='word_1_207' title='bbox 1975 2739 2204 2806; x_wconf 88' lang='lat' dir='ltr'><strong>ordine</strong></span> <span class='ocrx_word' id='word_1_208' title='bbox 2260 2741 2537 2824; x_wconf 83' lang='lat' dir='ltr'><strong>scriptor</strong></span> 
     </span>
     <span class='ocr_line' id='line_1_24' title="bbox 320 2841 2534 2930; baseline -0 -23"><span class='ocrx_word' id='word_1_209' title='bbox 320 2841 528 2930; x_wconf 76' lang='lat' dir='ltr'><strong>longe</strong></span> <span class='ocrx_word' id='word_1_210' title='bbox 570 2842 831 2910; x_wconf 83' lang='lat' dir='ltr'><strong>recedit.</strong></span> <span class='ocrx_word' id='word_1_211' title='bbox 919 2845 1201 2910; x_wconf 72' lang='lat' dir='ltr'><strong>Exorans</strong></span> <span class='ocrx_word' id='word_1_212' title='bbox 1261 2845 1426 2908; x_wconf 86' lang='lat' dir='ltr'><strong>enim</strong></span> <span class='ocrx_word' id='word_1_213' title='bbox 1482 2841 1905 2929; x_wconf 86' lang='lat' dir='ltr'><strong>comprobare</strong></span> <span class='ocrx_word' id='word_1_214' title='bbox 1949 2863 2080 2908; x_wconf 89' lang='lat' dir='ltr'><strong>nou</strong></span> <span class='ocrx_word' id='word_1_215' title='bbox 2129 2864 2268 2908; x_wconf 89' lang='lat' dir='ltr'><strong>esse</strong></span> <span class='ocrx_word' id='word_1_216' title='bbox 2315 2862 2534 2906; x_wconf 85' lang='lat' dir='ltr'><strong>causas</strong></span> 
     </span>
     <span class='ocr_line' id='line_1_25' title="bbox 320 2929 2535 3032; baseline -0.002 -21"><span class='ocrx_word' id='word_1_217' title='bbox 320 2945 608 3012; x_wconf 81' lang='lat' dir='ltr'><strong>infinitas</strong></span> <span class='ocrx_word' id='word_1_218' title='bbox 653 2950 758 3013; x_wconf 71' lang='grc' dir='ltr'><strong>ἐπὶ</strong></span> <span class='ocrx_word' id='word_1_219' title='bbox 802 2941 880 3012; x_wconf 77' lang='grc' dir='ltr'><strong>τὸ</strong></span> <span class='ocrx_word' id='word_1_220' title='bbox 924 2941 1118 3022; x_wconf 74' lang='grc' dir='ltr'><em>κάτω,</em></span> <span class='ocrx_word' id='word_1_221' title='bbox 1160 2966 1534 3030; x_wconf 84' lang='lat' dir='ltr'><strong>quamquam</strong></span> <span class='ocrx_word' id='word_1_222' title='bbox 1579 2929 1832 3016; x_wconf 80' lang='lat' dir='ltr'><strong>minime</strong></span> <span class='ocrx_word' id='word_1_223' title='bbox 1873 2943 2258 3032; x_wconf 78' lang='lat' dir='ltr'><strong>significavit</strong></span> <span class='ocrx_word' id='word_1_224' title='bbox 2286 2965 2422 3018; x_wconf 86' lang='lat' dir='ltr'><strong>non</strong></span> <span class='ocrx_word' id='word_1_225' title='bbox 2453 2942 2535 3007; x_wconf 88' lang='lat' dir='ltr'><strong>de</strong></span> 
     </span>
     <span class='ocr_line' id='line_1_26' title="bbox 323 3045 2535 3136; baseline -0.001 -22"><span class='ocrx_word' id='word_1_226' title='bbox 323 3048 623 3114; x_wconf 76' lang='lat' dir='ltr'><strong>omnibus</strong></span> <span class='ocrx_word' id='word_1_227' title='bbox 669 3071 741 3114; x_wconf 89' lang='lat' dir='ltr'><strong>se</strong></span> <span class='ocrx_word' id='word_1_228' title='bbox 785 3049 1113 3136; x_wconf 86' lang='lat' dir='ltr'><strong>disputare</strong></span> <span class='ocrx_word' id='word_1_229' title='bbox 1157 3070 1484 3116; x_wconf 84' lang='lat' dir='ltr'><strong>causarum</strong></span> <span class='ocrx_word' id='word_1_230' title='bbox 1540 3048 1913 3136; x_wconf 86' lang='lat' dir='ltr'><strong>generibus,</strong></span> <span class='ocrx_word' id='word_1_231' title='bbox 1971 3058 2183 3112; x_wconf 83' lang='lat' dir='ltr'><strong>tamen</strong></span> <span class='ocrx_word' id='word_1_232' title='bbox 2239 3045 2535 3112; x_wconf 83' lang='lat' dir='ltr'><strong>inductus</strong></span> 
     </span>
     <span class='ocr_line' id='line_1_27' title="bbox 321 3149 2534 3240; baseline -0 -23"><span class='ocrx_word' id='word_1_233' title='bbox 321 3153 621 3240; x_wconf 77' lang='lat' dir='ltr'><strong>proiecto</strong></span> <span class='ocrx_word' id='word_1_234' title='bbox 668 3152 978 3218; x_wconf 80' lang='lat' dir='ltr'><strong>formulae</strong></span> <span class='ocrx_word' id='word_1_235' title='bbox 1021 3153 1090 3220; x_wconf 72' lang='grc' dir='ltr'><strong>ἔκ</strong></span> <span class='ocrx_word' id='word_1_236' title='bbox 1135 3175 1339 3230; x_wconf 73' lang='grc' dir='ltr'><strong><em>τινος,</em></strong></span> <span class='ocrx_word' id='word_1_237' title='bbox 1396 3175 1581 3238; x_wconf 86' lang='lat' dir='ltr'><strong>quam</strong></span> <span class='ocrx_word' id='word_1_238' title='bbox 1633 3154 1990 3238; x_wconf 79' lang='lat' dir='ltr'><strong>usurpavit,</strong></span> <span class='ocrx_word' id='word_1_239' title='bbox 2045 3149 2534 3239; x_wconf 85' lang='lat' dir='ltr'><strong>significatione,</strong></span> 
     </span>
     <span class='ocr_line' id='line_1_28' title="bbox 325 3253 2534 3344; baseline -0.002 -23"><span class='ocrx_word' id='word_1_240' title='bbox 325 3278 468 3321; x_wconf 85' lang='lat' dir='ltr'><strong>eam</strong></span> <span class='ocrx_word' id='word_1_241' title='bbox 503 3260 1112 3344; x_wconf 80' lang='lat' dir='ltr'><strong>argumentationem</strong></span> <span class='ocrx_word' id='word_1_242' title='bbox 1150 3260 1477 3344; x_wconf 84' lang='lat' dir='ltr'><strong>restringit</strong></span> <span class='ocrx_word' id='word_1_243' title='bbox 1511 3255 1593 3322; x_wconf 91' lang='lat' dir='ltr'><strong>ad</strong></span> <span class='ocrx_word' id='word_1_244' title='bbox 1627 3277 1815 3320; x_wconf 86' lang='lat' dir='ltr'><strong>unam</strong></span> <span class='ocrx_word' id='word_1_245' title='bbox 1848 3276 2097 3318; x_wconf 89' lang='lat' dir='ltr'><strong>causam</strong></span> <span class='ocrx_word' id='word_1_246' title='bbox 2128 3253 2534 3318; x_wconf 88' lang='lat' dir='ltr'><strong>materialem.</strong></span> 
     </span>
     <span class='ocr_line' id='line_1_29' title="bbox 322 3355 2534 3428; baseline -0.001 -4"><span class='ocrx_word' id='word_1_247' title='bbox 322 3358 587 3425; x_wconf 85' lang='lat' dir='ltr'><strong>Deinde</strong></span> <span class='ocrx_word' id='word_1_248' title='bbox 633 3360 714 3426; x_wconf 84' lang='lat' dir='ltr'><strong>de</strong></span> <span class='ocrx_word' id='word_1_249' title='bbox 757 3359 937 3426; x_wconf 77' lang='lat' dir='ltr'><strong>finali</strong></span> <span class='ocrx_word' id='word_1_250' title='bbox 982 3379 1169 3428; x_wconf 85' lang='lat' dir='ltr'><strong>causa</strong></span> <span class='ocrx_word' id='word_1_251' title='bbox 1215 3361 1500 3425; x_wconf 71' lang='lat'><strong>119--16</strong></span> <span class='ocrx_word' id='word_1_252' title='bbox 1548 3368 1614 3422; x_wconf 91' lang='lat' dir='ltr'><strong>et</strong></span> <span class='ocrx_word' id='word_1_253' title='bbox 1657 3356 1740 3426; x_wconf 87' lang='lat' dir='ltr'><strong>de</strong></span> <span class='ocrx_word' id='word_1_254' title='bbox 1786 3355 2034 3422; x_wconf 83' lang='lat' dir='ltr'><strong>formali</strong></span> <span class='ocrx_word' id='word_1_255' title='bbox 2068 3358 2402 3426; x_wconf 71' lang='lat'><strong>⁶16—20</strong></span> <span class='ocrx_word' id='word_1_256' title='bbox 2447 3359 2534 3422; x_wconf 84' lang='lat' dir='ltr'><strong>ita</strong></span> 
     </span>
     <span class='ocr_line' id='line_1_30' title="bbox 323 3457 2537 3547; baseline -0.003 -19"><span class='ocrx_word' id='word_1_257' title='bbox 323 3463 597 3542; x_wconf 82' lang='lat' dir='ltr'><strong>disserit,</strong></span> <span class='ocrx_word' id='word_1_258' title='bbox 641 3474 727 3541; x_wconf 89' lang='lat' dir='ltr'><strong>ut,</strong></span> <span class='ocrx_word' id='word_1_259' title='bbox 771 3467 824 3528; x_wconf 89' lang='lat' dir='ltr'><strong>si</strong></span> <span class='ocrx_word' id='word_1_260' title='bbox 871 3466 1131 3528; x_wconf 79' lang='lat' dir='ltr'><strong>omnino</strong></span> <span class='ocrx_word' id='word_1_261' title='bbox 1176 3464 1246 3528; x_wconf 90' lang='lat' dir='ltr'><strong>in</strong></span> <span class='ocrx_word' id='word_1_262' title='bbox 1289 3462 1386 3530; x_wconf 89' lang='lat' dir='ltr'><strong>his</strong></span> <span class='ocrx_word' id='word_1_263' title='bbox 1433 3482 1660 3525; x_wconf 85' lang='lat' dir='ltr'><strong>causae</strong></span> <span class='ocrx_word' id='word_1_264' title='bbox 1694 3458 2039 3547; x_wconf 85' lang='lat' dir='ltr'><strong>generibus</strong></span> <span class='ocrx_word' id='word_1_265' title='bbox 2076 3457 2537 3546; x_wconf 87' lang='lat' dir='ltr'><strong>progrediendi</strong></span> 
     </span>
     <span class='ocr_line' id='line_1_31' title="bbox 323 3559 2537 3654; baseline -0.004 -22"><span class='ocrx_word' id='word_1_266' title='bbox 323 3580 394 3632; x_wconf 86' lang='lat' dir='ltr'><strong>et</strong></span> <span class='ocrx_word' id='word_1_267' title='bbox 431 3566 844 3654; x_wconf 85' lang='lat' dir='ltr'><strong>regrediendi</strong></span> <span class='ocrx_word' id='word_1_268' title='bbox 898 3564 1232 3634; x_wconf 89' lang='lat' dir='ltr'><strong>discrimen</strong></span> <span class='ocrx_word' id='word_1_269' title='bbox 1283 3559 1400 3629; x_wconf 82' lang='lat' dir='ltr'><strong>hac</strong></span> <span class='ocrx_word' id='word_1_270' title='bbox 1450 3568 1518 3628; x_wconf 91' lang='lat' dir='ltr'><strong>in</strong></span> <span class='ocrx_word' id='word_1_271' title='bbox 1566 3565 1941 3649; x_wconf 87' lang='lat' dir='ltr'><strong>quaestione</strong></span> <span class='ocrx_word' id='word_1_272' title='bbox 1988 3573 2159 3628; x_wconf 89' lang='lat' dir='ltr'><strong>recte</strong></span> <span class='ocrx_word' id='word_1_273' title='bbox 2205 3561 2537 3626; x_wconf 85' lang='lat' dir='ltr'><strong>abhibere-</strong></span> 
     </span>
     <span class='ocr_line' id='line_1_32' title="bbox 322 3662 2536 3749; baseline -0.003 -15"><span class='ocrx_word' id='word_1_274' title='bbox 322 3681 530 3749; x_wconf 80' lang='lat' dir='ltr'><strong>retur,</strong></span> <span class='ocrx_word' id='word_1_275' title='bbox 587 3669 961 3738; x_wconf 76' lang='lat' dir='ltr'><strong>infinitatem</strong></span> <span class='ocrx_word' id='word_1_276' title='bbox 1019 3670 1125 3733; x_wconf 79' lang='grc' dir='ltr'><strong>ἐπὶ</strong></span> <span class='ocrx_word' id='word_1_277' title='bbox 1181 3663 1258 3734; x_wconf 83' lang='grc' dir='ltr'><strong>τὸ</strong></span> <span class='ocrx_word' id='word_1_278' title='bbox 1315 3662 1453 3733; x_wconf 76' lang='grc' dir='ltr'><strong>ἅνω</strong></span> <span class='ocrx_word' id='word_1_279' title='bbox 1505 3666 1776 3732; x_wconf 86' lang='lat' dir='ltr'><strong>refellat.</strong></span> <span class='ocrx_word' id='word_1_280' title='bbox 1866 3666 2236 3732; x_wconf 80' lang='lat' dir='ltr'><strong>Moventem</strong></span> <span class='ocrx_word' id='word_1_281' title='bbox 2284 3686 2536 3729; x_wconf 85' lang='lat' dir='ltr'><strong>causam</strong></span> 
     </span>
     <span class='ocr_line' id='line_1_33' title="bbox 321 3766 2538 3858; baseline -0.001 -22"><span class='ocrx_word' id='word_1_282' title='bbox 321 3793 591 3858; x_wconf 78' lang='lat' dir='ltr'><strong>prorsus</strong></span> <span class='ocrx_word' id='word_1_283' title='bbox 649 3776 861 3838; x_wconf 82' lang='lat' dir='ltr'><strong>omisit</strong></span> <span class='ocrx_word' id='word_1_284' title='bbox 913 3782 1227 3844; x_wconf 78' lang='lat' dir='ltr'><strong>excutere.</strong></span> <span class='ocrx_word' id='word_1_285' title='bbox 1318 3772 1616 3857; x_wconf 89' lang='lat' dir='ltr'><strong>Denique</strong></span> <span class='ocrx_word' id='word_1_286' title='bbox 1652 3773 1783 3835; x_wconf 72' lang='lat'><strong>1120</strong></span> <span class='ocrx_word' id='word_1_287' title='bbox 1825 3791 1960 3855; x_wconf 87' lang='lat' dir='ltr'><strong>sqq.</strong></span> <span class='ocrx_word' id='word_1_288' title='bbox 2003 3773 2311 3842; x_wconf 81' lang='lat' dir='ltr'><strong>rationem</strong></span> <span class='ocrx_word' id='word_1_289' title='bbox 2358 3766 2538 3833; x_wconf 87' lang='lat' dir='ltr'><strong>addit</strong></span> 
     </span>
     <span class='ocr_line' id='line_1_34' title="bbox 322 3872 2538 3963; baseline -0.002 -23"><span class='ocrx_word' id='word_1_290' title='bbox 322 3886 449 3940; x_wconf 82' lang='lat' dir='ltr'><strong>tam</strong></span> <span class='ocrx_word' id='word_1_291' title='bbox 495 3873 626 3941; x_wconf 85' lang='lat' dir='ltr'><strong>late</strong></span> <span class='ocrx_word' id='word_1_292' title='bbox 670 3887 1009 3963; x_wconf 86' lang='lat' dir='ltr'><strong>patentem,</strong></span> <span class='ocrx_word' id='word_1_293' title='bbox 1053 3886 1126 3942; x_wconf 92' lang='lat' dir='ltr'><strong>ut</strong></span> <span class='ocrx_word' id='word_1_294' title='bbox 1169 3874 1252 3940; x_wconf 88' lang='lat' dir='ltr'><strong>ad</strong></span> <span class='ocrx_word' id='word_1_295' title='bbox 1297 3897 1547 3942; x_wconf 88' lang='lat' dir='ltr'><strong>omnem</strong></span> <span class='ocrx_word' id='word_1_296' title='bbox 1597 3895 1924 3939; x_wconf 84' lang='lat' dir='ltr'><strong>causarum</strong></span> <span class='ocrx_word' id='word_1_297' title='bbox 1962 3872 2354 3948; x_wconf 83' lang='lat' dir='ltr'><strong>infinitatem,</strong></span> <span class='ocrx_word' id='word_1_298' title='bbox 2402 3875 2538 3936; x_wconf 83' lang='lat' dir='ltr'><strong>sive</strong></span> 
     </span>
     <span class='ocr_line' id='line_1_35' title="bbox 323 3972 2540 4063; baseline -0.003 -19"><span class='ocrx_word' id='word_1_299' title='bbox 323 3980 430 4044; x_wconf 64' lang='grc' dir='ltr'><strong>ἐπὶ</strong></span> <span class='ocrx_word' id='word_1_300' title='bbox 474 3973 554 4044; x_wconf 84' lang='grc' dir='ltr'><strong>τὸ</strong></span> <span class='ocrx_word' id='word_1_301' title='bbox 598 3972 737 4045; x_wconf 75' lang='grc' dir='ltr'><strong>ἅνω</strong></span> <span class='ocrx_word' id='word_1_302' title='bbox 782 3983 917 4048; x_wconf 81' lang='lat' dir='ltr'><strong>sive</strong></span> <span class='ocrx_word' id='word_1_303' title='bbox 962 3981 1067 4045; x_wconf 67' lang='grc' dir='ltr'><strong>ἐπὶ</strong></span> <span class='ocrx_word' id='word_1_304' title='bbox 1110 3973 1188 4044; x_wconf 80' lang='grc' dir='ltr'><strong>τὰ</strong></span> <span class='ocrx_word' id='word_1_305' title='bbox 1232 3974 1438 4057; x_wconf 75' lang='grc' dir='ltr'><strong><em>κάτω,</em></strong></span> <span class='ocrx_word' id='word_1_306' title='bbox 1494 3982 1660 4056; x_wconf 77' lang='lat' dir='ltr'><strong>sive,</strong></span> <span class='ocrx_word' id='word_1_307' title='bbox 1719 3998 1881 4062; x_wconf 83' lang='lat' dir='ltr'><strong>quae</strong></span> <span class='ocrx_word' id='word_1_308' title='bbox 1925 3980 2217 4063; x_wconf 84' lang='lat' dir='ltr'><strong>superior</strong></span> <span class='ocrx_word' id='word_1_309' title='bbox 2263 3986 2400 4044; x_wconf 84' lang='lat' dir='ltr'><strong>erat</strong></span> <span class='ocrx_word' id='word_1_310' title='bbox 2445 3974 2540 4039; x_wconf 90' lang='lat' dir='ltr'><strong>di-</strong></span> 
     </span>
     <span class='ocr_line' id='line_1_36' title="bbox 323 4079 2537 4168; baseline -0.002 -22"><span class='ocrx_word' id='word_1_311' title='bbox 323 4085 520 4162; x_wconf 75' lang='lat' dir='ltr'><strong>visio,</strong></span> <span class='ocrx_word' id='word_1_312' title='bbox 579 4088 671 4160; x_wconf 73' lang='lat' dir='ltr'><strong>sic</strong></span> <span class='ocrx_word' id='word_1_313' title='bbox 715 4080 1091 4168; x_wconf 76' lang='grc' dir='ltr'><strong><em>εὐθυωρίαν</em></strong></span> <span class='ocrx_word' id='word_1_314' title='bbox 1136 4084 1273 4146; x_wconf 84' lang='lat' dir='ltr'><strong>sive</strong></span> <span class='ocrx_word' id='word_1_315' title='bbox 1316 4080 1458 4150; x_wconf 79' lang='grc' dir='ltr'><strong>κατ’</strong></span> <span class='ocrx_word' id='word_1_316' title='bbox 1498 4079 1697 4159; x_wconf 74' lang='grc' dir='ltr'><strong><em>εἶδος,</em></strong></span> <span class='ocrx_word' id='word_1_317' title='bbox 1754 4082 1997 4166; x_wconf 81' lang='lat' dir='ltr'><strong>pariter</strong></span> <span class='ocrx_word' id='word_1_318' title='bbox 2046 4080 2267 4145; x_wconf 85' lang='lat' dir='ltr'><strong>referri</strong></span> <span class='ocrx_word' id='word_1_319' title='bbox 2314 4081 2537 4165; x_wconf 86' lang='lat' dir='ltr'><strong>possit,</strong></span> 
     </span>
     <span class='ocr_line' id='line_1_37' title="bbox 327 4184 2537 4272; baseline -0.003 -21"><span class='ocrx_word' id='word_1_320' title='bbox 327 4188 516 4272; x_wconf 73' lang='lat' dir='ltr'><strong>eique</strong></span> <span class='ocrx_word' id='word_1_321' title='bbox 574 4186 855 4256; x_wconf 74' lang='lat' dir='ltr'><strong>adnectit</strong></span> <span class='ocrx_word' id='word_1_322' title='bbox 910 4187 1169 4256; x_wconf 84' lang='lat' dir='ltr'><strong>alteram</strong></span> <span class='ocrx_word' id='word_1_323' title='bbox 1219 4185 1393 4254; x_wconf 84' lang='lat' dir='ltr'><strong>iliam</strong></span> <span class='ocrx_word' id='word_1_324' title='bbox 1439 4184 1885 4272; x_wconf 86' lang='lat' dir='ltr'><strong>disputationis</strong></span> <span class='ocrx_word' id='word_1_325' title='bbox 1930 4195 2172 4271; x_wconf 84' lang='lat' dir='ltr'><strong>partem</strong></span> <span class='ocrx_word' id='word_1_326' title='bbox 2210 4186 2357 4259; x_wconf 71' lang='lat'><strong>1227,</strong></span> <span class='ocrx_word' id='word_1_327' title='bbox 2414 4201 2537 4267; x_wconf 84' lang='lat' dir='ltr'><strong>qua</strong></span> 
     </span>
     <span class='ocr_line' id='line_1_38' title="bbox 328 4283 2538 4376; baseline -0.004 -21"><span class='ocrx_word' id='word_1_328' title='bbox 328 4310 567 4376; x_wconf 80' lang='lat' dir='ltr'><strong>genera</strong></span> <span class='ocrx_word' id='word_1_329' title='bbox 613 4311 940 4362; x_wconf 82' lang='lat' dir='ltr'><strong>causarum</strong></span> <span class='ocrx_word' id='word_1_330' title='bbox 981 4313 1118 4360; x_wconf 85' lang='lat' dir='ltr'><strong>non</strong></span> <span class='ocrx_word' id='word_1_331' title='bbox 1165 4311 1305 4356; x_wconf 83' lang='lat' dir='ltr'><strong>esse</strong></span> <span class='ocrx_word' id='word_1_332' title='bbox 1349 4287 1598 4356; x_wconf 84' lang='lat' dir='ltr'><strong>infinita</strong></span> <span class='ocrx_word' id='word_1_333' title='bbox 1644 4288 2037 4373; x_wconf 84' lang='lat' dir='ltr'><strong>comprobat.</strong></span> <span class='ocrx_word' id='word_1_334' title='bbox 2111 4288 2266 4352; x_wconf 88' lang='lat' dir='ltr'><strong>Non</strong></span> <span class='ocrx_word' id='word_1_335' title='bbox 2314 4283 2538 4348; x_wconf 89' lang='lat' dir='ltr'><strong>deesse</strong></span> 
     </span>
     <span class='ocr_line' id='line_1_39' title="bbox 330 4384 2542 4480; baseline -0.004 -24"><span class='ocrx_word' id='word_1_336' title='bbox 330 4403 512 4471; x_wconf 83' lang='lat' dir='ltr'><strong>artes,</strong></span> <span class='ocrx_word' id='word_1_337' title='bbox 558 4394 791 4480; x_wconf 85' lang='lat' dir='ltr'><strong>quibus</strong></span> <span class='ocrx_word' id='word_1_338' title='bbox 835 4396 1007 4464; x_wconf 88' lang='lat' dir='ltr'><strong>huuc</strong></span> <span class='ocrx_word' id='word_1_339' title='bbox 1050 4397 1233 4462; x_wconf 84' lang='lat' dir='ltr'><strong>etiam</strong></span> <span class='ocrx_word' id='word_1_340' title='bbox 1280 4390 1645 4479; x_wconf 85' lang='lat' dir='ltr'><strong>disputandi</strong></span> <span class='ocrx_word' id='word_1_341' title='bbox 1693 4389 1982 4460; x_wconf 85' lang='lat' dir='ltr'><strong>ordinem</strong></span> <span class='ocrx_word' id='word_1_342' title='bbox 2029 4390 2134 4455; x_wconf 84' lang='lat' dir='ltr'><strong>vei</strong></span> <span class='ocrx_word' id='word_1_343' title='bbox 2171 4387 2393 4454; x_wconf 82' lang='lat' dir='ltr'><strong>laudes</strong></span> <span class='ocrx_word' id='word_1_344' title='bbox 2435 4384 2542 4452; x_wconf 84' lang='lat' dir='ltr'><strong>vel</strong></span> 
     </span>
    </p>
   </div>
   <div class='ocr_carea' id='block_1_3' title="bbox 327 4488 2539 4656">
    <p class='ocr_par' dir='ltr' id='par_1_3' title="bbox 327 4488 2539 4656">
     <span class='ocr_line' id='line_1_40' title="bbox 327 4488 2539 4587; baseline -0.002 -24"><span class='ocrx_word' id='word_1_345' title='bbox 327 4494 670 4579; x_wconf 73' lang='lat' dir='ltr'><strong>defendas,</strong></span> <span class='ocrx_word' id='word_1_346' title='bbox 724 4499 929 4587; x_wconf 83' lang='lat' dir='ltr'><strong>probe</strong></span> <span class='ocrx_word' id='word_1_347' title='bbox 969 4502 1140 4577; x_wconf 61' lang='grc' dir='ltr'><strong>σάω</strong></span> <span class='ocrx_word' id='word_1_348' title='bbox 1196 4495 1314 4566; x_wconf 86' lang='lat' dir='ltr'><strong>sed</strong></span> <span class='ocrx_word' id='word_1_349' title='bbox 1369 4499 1604 4568; x_wconf 86' lang='lat' dir='ltr'><strong>iustum</strong></span> <span class='ocrx_word' id='word_1_350' title='bbox 1666 4505 1732 4564; x_wconf 83' lang='lat' dir='ltr'><strong>et</strong></span> <span class='ocrx_word' id='word_1_351' title='bbox 1782 4494 2130 4582; x_wconf 77' lang='lat' dir='ltr'><strong>simplicem</strong></span> <span class='ocrx_word' id='word_1_352' title='bbox 2178 4513 2322 4559; x_wconf 88' lang='lat' dir='ltr'><strong>eum</strong></span> <span class='ocrx_word' id='word_1_353' title='bbox 2368 4488 2539 4560; x_wconf 83' lang='lat' dir='ltr'><strong>ordi·</strong></span> 
     </span>
     <span class='ocr_line' id='line_1_41' title="bbox 2058 4599 2131 4656; baseline 0 -33"><span class='ocrx_word' id='word_1_354' title='bbox 2058 4601 2090 4656; x_wconf 67' lang='lat'>9</span> <span class='ocrx_word' id='word_1_355' title='bbox 2108 4599 2131 4623; x_wconf 85' lang='lat'><strong>.</strong></span> 
     </span>
    </p>
   </div>
  </div>
 </body>
</html>
