3109 5175
1168 399 1275 468 M
1311 393 1383 468 8.
1468 392 1736 468 1083ὁ.
2411 392 2554 467 555

349 578 514 640 enim
556 575 719 639 ⁶13:
775 566 925 638 οὔτε
980 567 1109 661 γὰρ
1161 564 1384 655 ἄτομα
1427 572 1687 656 μεγέθη
1732 572 1942 654 λέγειν
1985 567 2274 650 ἀληθές,
2331 571 2371 633 i.
2403 591 2460 633 e.
2503 573 2558 634 si

351 701 425 743 ex
472 681 747 744 numeris
791 675 1263 764 magnitudines
1310 678 1692 754 consistere,
1751 678 2056 762 ipsosque
2106 675 2301 762 igitur
2343 693 2561 737 nume-

350 803 459 846 ros
505 793 572 847 et
614 786 785 869 ipsas
828 783 1103 845 unitates
1140 780 1611 868 magnitudines
1653 800 1795 844 esse
1831 775 2078 856 volunt,
2123 780 2418 854 unitates,
2465 785 2561 841 ιιι

348 896 503 973 pote
542 877 922 970 ἀδιαίρετὸι,
968 895 1184 950 essent
1220 884 1516 971 profecto
1549 881 2020 971 magnitudines
2049 878 2447 952 individuam
2497 890 2564 944 at

348 1010 484 1055 non
528 1001 679 1054 sunt
722 992 985 1054 omnino
1031 982 1271 1075 ἄτομα·
1297 987 1574 1072 μεγέθη,
1620 987 1697 1052 cf.
1746 986 1828 1052 de
1857 985 2048 1052 coelo
2085 986 2176 1050 111
2211 988 2272 1051 4.
2303 984 2559 1050 30362.

350 1093 433 1158 de
471 1114 621 1181 gen.
663 1104 728 1162 et
765 1113 931 1157 corr.
958 1094 989 1158 1
1024 1094 1086 1158 2.
1122 1095 1285 1159 315⁶
1306 1094 1415 1158 82.
1504 1091 1638 1157 Sed
1684 1093 1928 1156 etiamsi
1974 1095 2114 1178 quis
2157 1090 2563 1166 concesserit,

352 1218 493 1262 esse
538 1200 801 1262 omnino
848 1190 1069 1280 ἄτομα
1112 1197 1372 1282 μεγέθη
1412 1197 1559 1274 614,
1612 1197 1886 1274 unitates
1931 1206 2104 1260 certe
2147 1195 2393 1259 numeri
2436 1213 2564 1256 ma-

350 1300 673 1366 thematici
713 1302 883 1379 (616
915 1295 1286 1383 μοναδικός,
1331 1299 1412 1364 cf.
1444 1298 1526 1364 ad
1559 1301 1621 1365 6.
1653 1301 1862 1366 10806
1887 1301 2012 1380 19)
2056 1297 2292 1364 nullam
2325 1296 2566 1362 habent

351 1403 878 1493 magnitudinem,
931 1419 1252 1470 necvero
1297 1414 1514 1489 potest
1556 1425 1634 1469 ex
1677 1401 2027 1472 unitatibus
2071 1402 2418 1469 individuis
2465 1423 2565 1467 ex·

353 1512 579 1574 sistere
623 1511 1017 1573 extensioet
1044 1506 1433 1595 magnitudo,
1470 1508 1619 1585 1115,
1663 1505 1742 1571 cf.
1777 1506 1841 1571 B
1873 1509 1933 1573 4.
1966 1508 2172 1574 10016
2199 1509 2301 1573 17.
2346 1508 2421 1572 Λ
2457 1507 2562 1571 10.

357 1615 563 1679 10756
595 1615 704 1678 29.
762 1613 957 1699 Phys.
989 1612 1086 1676 Vl
1122 1613 1183 1677 1.
1220 1613 1391 1677 231·
1421 1611 1528 1676 24.
1619 1610 1718 1674 Ita
1769 1632 1960 1696 quum
2004 1610 2148 1675 fieri
2192 1631 2327 1675 non
2371 1630 2567 1697 posse

355 1726 679 1803 appareat,
723 1726 797 1781 ut
838 1738 916 1780 ex
960 1717 1241 1781 numeris
1274 1717 1577 1781 exsistant
1603 1735 1879 1801 corpora
1910 1723 2185 1795 extensa,
2229 1723 2439 1780 tamen
2469 1714 2567 1780 illi

354 1824 560 1908 ipsum
616 1840 943 1885 numerum
1002 1841 1149 1885 esse
1202 1819 1432 1885 volunt
1487 1812 1573 1885 «ἃ
1626 1812 1794 1885 ὄντα
1825 1820 1954 1885 617
1971 1843 1986 1895 ;
2045 1840 2154 1884 ees
2199 1829 2374 1885 certe
2416 1839 2568 1910 ppo-

355 1927 743 2011 positiones‚
801 1943 966 2010 quae
1025 1922 1107 1990 de
1158 1926 1441 1990 numeris
1497 1944 1652 1990 vere
1683 1929 2068 1989 statuuntur
2122 1916 2248 2004 (aa
2301 1918 2568 2010 θεωρή-

355 2051 539 2112 ματα
572 2030 759 2107 618),
804 2026 889 2092 ad
935 2047 1207 2114 corpora
1253 2033 1339 2094 ita
1382 2028 1687 2105 referunt,
1732 2029 1914 2113 quasi
1956 2047 2231 2113 corpora
2278 2049 2318 2092 e
2352 2048 2569 2093 nume-

355 2136 445 2200 ris
502 2135 858 2198 consistant
910 2129 1040 2212 (ὡς
1088 2129 1159 2211 ἐξ
1201 2133 1462 2202 ἐκείνων
1507 2126 1718 2198 ὄντων
1759 2131 1894 2196 τῶν
1936 2128 2042 2215 ἀρ.
2086 2133 2243 2209 618,
2301 2134 2341 2196 i.
2381 2153 2435 2196 e.
2484 2128 2571 2208 ὥς

356 2240 490 2302 τῶν
534 2231 856 2320 σωμάτων
898 2232 968 2315 ἐξ
1013 2238 1274 2303 ἐκείνων
1316 2237 1450 2302 τῶν
1492 2233 1810 2323 ἀριθμῶν
1851 2228 2094 2312 ὄντων,
2141 2235 2222 2300 cf.
2269 2234 2352 2301 ad
2397 2232 2466 2299 A
2503 2238 2565 2302 8.

357 2343 527 2407 99οα
566 2341 668 2404 12.
782 2369 787 2374 -

494 2445 698 2511 10836
726 2446 1029 2510 19—23.
1104 2443 1421 2509 Refutatis
1451 2442 1721 2532 singulis
1751 2441 1959 2508 modis
1990 2443 2304 2521 omnibus,
2349 2465 2569 2510 secun—

360 2548 508 2616 dum
567 2570 729 2636 quos
787 2551 1033 2615 numeri
1074 2547 1182 2614 vel
1226 2557 1501 2636 possunt
1555 2569 1678 2634 pro
1738 2546 2105 2619 substantiis
2146 2550 2307 2635 poni
2351 2548 2455 2614 vel
2501 2568 2570 2615 re

359 2662 515 2720 itera
556 2657 753 2740 positi
797 2665 961 2732 sunt,
1009 2655 1115 2718 Ar.
1163 2650 1507 2728 concludit,
1552 2673 1687 2717 non
1733 2673 1927 2739 posse
1974 2672 2116 2716 esse
2151 2673 2288 2716 eam
2323 2655 2572 2717 numeri

359 2769 679 2837 naturam,
732 2768 807 2822 ut
854 2778 971 2846 per
1013 2777 1084 2821 se
1131 2766 1197 2821 et
1239 2754 1539 2821 absolute
1581 2765 1894 2843 tamquam
1939 2777 2152 2823 rerum
2193 2758 2571 2842 principium

358 2872 657 2949 ponatur.

494 3056 582 3123 D.
668 3055 884 3121 Varia
924 3062 1369 3140 congeruntur
1412 3061 1824 3138 argumenta,
1870 3051 2104 3140 quibua
2145 3051 2448 3119 doctu-ina
2491 3053 2575 3119 de

360 3165 649 3229 numnis
690 3159 1013 3229 idoaltbu
1054 3157 1399 3245 retinetur,
1447 3159 1653 3225 10836
1676 3158 1765 3225 23
1785 3161 1950 3224 -9.
1983 3158 2189 3224 10856
2211 3158 2318 3224 34.

493 3281 839 3367 Hucusque
887 3281 994 3344 Ar.
1042 3276 1437 3342 Platonicam
1497 3290 1563 3345 et
1601 3280 2099 3367 Pythagoricam
2158 3277 2241 3343 de
2298 3280 2575 3343 numeris

365 3382 717 3448 doctrinam
760 3387 850 3448 ita
897 3394 997 3447 est
1038 3392 1445 3467 persecutus,
1500 3395 1574 3447 ut
1627 3386 1830 3468 ipsam
1886 3382 2112 3449 horum
2169 3402 2576 3447 numerorum

364 3498 651 3552 naturam
678 3496 1002 3572 spectaret
1032 3506 1266 3571 easque
1295 3487 1578 3550 rationes
1610 3506 1850 3563 omnes,
1895 3485 2126 3571 quibus
2155 3487 2398 3549 numeri
2432 3485 2579 3551 sul)-

365 3590 693 3656 stantiales
738 3589 845 3657 vel
888 3599 1161 3677 possunt
1204 3592 1364 3676 poni
1408 3587 1515 3653 vel
1562 3609 1635 3652 re
1663 3610 1814 3652 vera
1846 3598 1997 3653 sunt
2026 3590 2241 3674 positi,
2285 3587 2579 3675 singulos

364 3705 871 3784 perscrutaretur
929 3716 1004 3760 ac
1062 3693 1384 3759 refutaret.
1471 3693 1604 3757 Iam
1659 3691 2012 3779 singulares
2057 3688 2357 3778 quasdam
2403 3691 2582 3757 addit

368 3803 773 3888 quaestiones
821 3798 903 3864 de
948 3799 1277 3885 principiis
1323 3794 1577 3861 illorum
1610 3816 2016 3860 numerorum
2049 3806 2114 3862 et
2144 3794 2470 3882 quomodo
2505 3816 2582 3862 ex

367 3909 445 3970 iis
489 3906 733 3970 numeri
781 3906 1100 3981 exsistant,
1145 3901 1227 3967 de
1273 3921 1681 3964 numerorum
1727 3898 2147 3979 multitudine,
2192 3899 2275 3964 de
2314 3921 2388 3965 ea
2419 3920 2581 3986 quae

370 4028 669 4074 numeros
713 4011 880 4072 inter
925 4018 991 4072 et
1033 4027 1135 4071 res
1180 4007 1604 4093 geometricas
1657 4003 2013 4069 intercedat
2065 4007 2344 4083 ratione,
2402 4003 2582 4069 alias-

370 4133 495 4198 que
542 4111 810 4189 similes,
867 4124 935 4176 et
988 4115 1065 4175 iis
1122 4108 1375 4197 quidem
1422 4109 1904 4196 quaestionibus
1950 4121 2016 4175 et
2057 4114 2214 4198 ipsis
2260 4112 2458 4176 utitur
2500 4107 2584 4173 ad

368 4216 871 4304 impugnandam
917 4215 1269 4280 doctrinam
1322 4213 1406 4279 de
1449 4212 1629 4279 ideis.
1720 4213 1912 4300 Quae
1953 4220 2361 4302 quaestiones
2407 4212 2584 4300 quod

372 4339 511 4384 non
551 4332 700 4385 snut
743 4323 845 4384 via
890 4340 967 4384 ac
1010 4322 1259 4385 ratione
1305 4318 1686 4406 dispositae,
1743 4319 1860 4385 sed
1904 4318 2190 4386 adnexae
2233 4322 2451 4405 petius
2497 4316 2585 4382 al·

373 4433 507 4488 tera
553 4421 739 4489 alteri
784 4447 968 4511 quam
1029 4428 1095 4491 in
1151 4446 1343 4490 unum
1400 4446 1634 4511 corpus
1687 4427 2096 4502 coniunctae,
2151 4423 2218 4488 id
2271 4443 2405 4487 non
2459 4442 2584 4488 ma-

372 4548 667 4617 gnopere
725 4530 1054 4595 mii-abitur
1108 4533 1218 4615 qui
1261 4532 1642 4611 meminerit,
1698 4552 1821 4616 qua
1868 4531 2132 4594 omnino
2179 4530 2430 4593 ratione
2474 4526 2582 4590 Ar.
