<?xml version="1.0" encoding="UTF-8"?>
<!DOCTYPE html PUBLIC "-//W3C//DTD XHTML 1.0 Transitional//EN"
    "http://www.w3.org/TR/xhtml1/DTD/xhtml1-transitional.dtd">
<html xmlns="http://www.w3.org/1999/xhtml" xml:lang="en" lang="en">
 <head>
  <title>
</title>
<meta http-equiv="Content-Type" content="text/html;charset=utf-8" />
  <meta name='ocr-system' content='tesseract 3.04.00' />
  <meta name='ocr-capabilities' content='ocr_page ocr_carea ocr_par ocr_line ocrx_word'/>
</head>
<body>
  <div class='ocr_page' id='page_1' title='image "aristotelismeta01bonigoog_0410.png"; bbox 0 0 3109 5175; ppageno 0'>
   <div class='ocr_carea' id='block_1_1' title="bbox 521 361 1888 439">
    <p class='ocr_par' dir='ltr' id='par_1_1' title="bbox 521 361 1888 439">
     <span class='ocr_line' id='line_1_1' title="bbox 521 361 1888 439; baseline -0.002 0"><span class='ocrx_word' id='word_1_1' title='bbox 521 363 668 439; x_wconf 78' lang='lat'><strong>382</strong></span> <span class='ocrx_word' id='word_1_2' title='bbox 1356 364 1419 435; x_wconf 86' lang='grc' dir='ltr'><strong><em>Θ</em></strong></span> <span class='ocrx_word' id='word_1_3' title='bbox 1463 362 1535 437; x_wconf 77' lang='lat'><strong>2.</strong></span> <span class='ocrx_word' id='word_1_4' title='bbox 1620 361 1888 438; x_wconf 61' lang='grc'><strong>10461).</strong></span> 
     </span>
    </p>
   </div>
   <div class='ocr_carea' id='block_1_2' title="bbox 520 538 2737 628">
    <p class='ocr_par' dir='ltr' id='par_1_2' title="bbox 520 538 2737 628">
     <span class='ocr_line' id='line_1_2' title="bbox 520 538 2737 628; baseline -0.001 -20"><span class='ocrx_word' id='word_1_5' title='bbox 520 542 585 608; x_wconf 86' lang='grc'><strong>8.</strong></span> <span class='ocrx_word' id='word_1_6' title='bbox 627 540 785 607; x_wconf 69' lang='grc' dir='ltr'><strong>138ὄ</strong></span> <span class='ocrx_word' id='word_1_7' title='bbox 823 542 885 605; x_wconf 75' lang='lat'><strong>2.</strong></span> <span class='ocrx_word' id='word_1_8' title='bbox 918 539 998 605; x_wconf 82' lang='lat' dir='ltr'><strong>al.</strong></span> <span class='ocrx_word' id='word_1_9' title='bbox 1073 540 1158 604; x_wconf 86' lang='lat' dir='ltr'><strong>Et</strong></span> <span class='ocrx_word' id='word_1_10' title='bbox 1198 538 1621 605; x_wconf 77' lang='lat' dir='ltr'><strong>rationalibus</strong></span> <span class='ocrx_word' id='word_1_11' title='bbox 1666 539 1921 627; x_wconf 84' lang='lat' dir='ltr'><strong>quidem</strong></span> <span class='ocrx_word' id='word_1_12' title='bbox 1965 543 2272 628; x_wconf 77' lang='lat' dir='ltr'><strong>potentiis</strong></span> <span class='ocrx_word' id='word_1_13' title='bbox 2317 539 2737 607; x_wconf 84' lang='lat' dir='ltr'><strong>adnumeran-</strong></span> 
     </span>
    </p>
   </div>
   <div class='ocr_carea' id='block_1_3' title="bbox 522 644 2877 731">
    <p class='ocr_par' dir='ltr' id='par_1_3' title="bbox 522 644 2877 731">
     <span class='ocr_line' id='line_1_3' title="bbox 522 644 2877 731; baseline -0.001 -21"><span class='ocrx_word' id='word_1_14' title='bbox 522 644 644 711; x_wconf 85' lang='lat' dir='ltr'><strong>dae</strong></span> <span class='ocrx_word' id='word_1_15' title='bbox 687 654 839 710; x_wconf 79' lang='lat' dir='ltr'><strong>sunt</strong></span> <span class='ocrx_word' id='word_1_16' title='bbox 881 653 1067 722; x_wconf 82' lang='lat' dir='ltr'><strong>artes,</strong></span> <span class='ocrx_word' id='word_1_17' title='bbox 1110 644 1371 721; x_wconf 72' lang='grc' dir='ltr'><strong>ῠ2-4,</strong></span> <span class='ocrx_word' id='word_1_18' title='bbox 1415 647 1655 731; x_wconf 89' lang='lat' dir='ltr'><strong>quippe</strong></span> <span class='ocrx_word' id='word_1_19' title='bbox 1698 666 1862 730; x_wconf 85' lang='lat' dir='ltr'><strong>quae</strong></span> <span class='ocrx_word' id='word_1_20' title='bbox 1906 654 1973 709; x_wconf 87' lang='lat' dir='ltr'><strong>et</strong></span> <span class='ocrx_word' id='word_1_21' title='bbox 2013 646 2323 731; x_wconf 82' lang='lat' dir='ltr'><strong>principia</strong></span> <span class='ocrx_word' id='word_1_22' title='bbox 2367 647 2494 708; x_wconf 90' lang='lat' dir='ltr'><strong>sint</strong></span> <span class='ocrx_word' id='word_1_23' title='bbox 2536 654 2734 708; x_wconf 84' lang='lat' dir='ltr'><strong>muta-</strong></span> <span class='ocrx_word' id='word_1_24' title='bbox 2862 720 2877 729; x_wconf 52' lang='grc'><strong>,</strong></span> 
     </span>
    </p>
   </div>
   <div class='ocr_carea' id='block_1_4' title="bbox 504 746 2791 4572">
    <p class='ocr_par' dir='ltr' id='par_1_4' title="bbox 519 746 2791 3219">
     <span class='ocr_line' id='line_1_4' title="bbox 522 746 2733 835; baseline -0 -21"><span class='ocrx_word' id='word_1_25' title='bbox 522 753 715 814; x_wconf 87' lang='lat' dir='ltr'><strong>tionis</strong></span> <span class='ocrx_word' id='word_1_26' title='bbox 761 748 899 812; x_wconf 87' lang='lat' dir='ltr'><strong>aliis</strong></span> <span class='ocrx_word' id='word_1_27' title='bbox 942 750 1010 812; x_wconf 89' lang='lat' dir='ltr'><strong>in</strong></span> <span class='ocrx_word' id='word_1_28' title='bbox 1052 748 1244 813; x_wconf 87' lang='lat' dir='ltr'><strong>rebus</strong></span> <span class='ocrx_word' id='word_1_29' title='bbox 1291 746 1688 827; x_wconf 77' lang='lat' dir='ltr'><strong>efficiendae,</strong></span> <span class='ocrx_word' id='word_1_30' title='bbox 1734 758 1800 813; x_wconf 88' lang='lat' dir='ltr'><strong>et</strong></span> <span class='ocrx_word' id='word_1_31' title='bbox 1840 769 2188 835; x_wconf 70' lang='lat' dir='ltr'>suspensae</span> <span class='ocrx_word' id='word_1_32' title='bbox 2226 750 2356 812; x_wconf 86' lang='lat' dir='ltr'><strong>sint</strong></span> <span class='ocrx_word' id='word_1_33' title='bbox 2378 770 2426 813; x_wconf 77' lang='lat' dir='ltr'><strong>.a</strong></span> <span class='ocrx_word' id='word_1_34' title='bbox 2465 749 2733 826; x_wconf 85' lang='lat' dir='ltr'><strong>ratione,</strong></span> 
     </span>
     <span class='ocr_line' id='line_1_5' title="bbox 524 845 2737 937; baseline -0.002 -18"><span class='ocrx_word' id='word_1_35' title='bbox 524 855 603 919; x_wconf 82' lang='lat' dir='ltr'><strong>cf.</strong></span> <span class='ocrx_word' id='word_1_36' title='bbox 644 855 717 919; x_wconf 89' lang='lat' dir='ltr'><em>A</em></span> <span class='ocrx_word' id='word_1_37' title='bbox 749 855 809 918; x_wconf 96' lang='grc'><strong>1.</strong></span> <span class='ocrx_word' id='word_1_38' title='bbox 853 854 1021 918; x_wconf 74' lang='lat'>98111</span> <span class='ocrx_word' id='word_1_39' title='bbox 1059 853 1316 918; x_wconf 72' lang='lat' dir='ltr'><strong>5-b6.</strong></span> <span class='ocrx_word' id='word_1_40' title='bbox 1375 853 1437 915; x_wconf 95' lang='lat' dir='ltr'><strong><em>Z</em></strong></span> <span class='ocrx_word' id='word_1_41' title='bbox 1468 855 1527 918; x_wconf 85' lang='lat'><strong>7.</strong></span> <span class='ocrx_word' id='word_1_42' title='bbox 1578 853 1789 918; x_wconf 77' lang='lat'>1032·</span> <span class='ocrx_word' id='word_1_43' title='bbox 1824 855 1912 917; x_wconf 77' lang='lat'><strong>32</strong></span> <span class='ocrx_word' id='word_1_44' title='bbox 1952 874 2086 937; x_wconf 81' lang='lat' dir='ltr'><strong>sqq.</strong></span> <span class='ocrx_word' id='word_1_45' title='bbox 2123 889 2202 903; x_wconf 92' lang='lat'>—</span> <span class='ocrx_word' id='word_1_46' title='bbox 2240 854 2325 915; x_wconf 69' lang='lat'><strong>⁶2</strong></span> <span class='ocrx_word' id='word_1_47' title='bbox 2372 845 2475 916; x_wconf 85' lang='grc' dir='ltr'><strong>διὸ</strong></span> <span class='ocrx_word' id='word_1_48' title='bbox 2518 851 2737 915; x_wconf 76' lang='grc' dir='ltr'><strong><em>πᾶσαι</em></strong></span> 
     </span>
     <span class='ocr_line' id='line_1_6' title="bbox 521 949 2731 1042; baseline -0.002 -20"><span class='ocrx_word' id='word_1_49' title='bbox 521 962 594 1022; x_wconf 76' lang='grc' dir='ltr'><strong>αἱ</strong></span> <span class='ocrx_word' id='word_1_50' title='bbox 650 959 872 1042; x_wconf 67' lang='grc' dir='ltr'><strong><em>τέχναι</em></strong></span> <span class='ocrx_word' id='word_1_51' title='bbox 927 957 1040 1020; x_wconf 82' lang='grc' dir='ltr'><strong>καὶ</strong></span> <span class='ocrx_word' id='word_1_52' title='bbox 1096 958 1167 1019; x_wconf 80' lang='grc' dir='ltr'><strong>αἱ</strong></span> <span class='ocrx_word' id='word_1_53' title='bbox 1221 956 1552 1033; x_wconf 80' lang='grc' dir='ltr'><strong><em>ποιητικαὶ</em></strong></span> <span class='ocrx_word' id='word_1_54' title='bbox 1610 957 1722 1020; x_wconf 79' lang='grc' dir='ltr'><strong>καὶ</strong></span> <span class='ocrx_word' id='word_1_55' title='bbox 1778 958 2133 1039; x_wconf 76' lang='grc' dir='ltr'><strong><em>ἐπιστῆμαι</em></strong></span> <span class='ocrx_word' id='word_1_56' title='bbox 2185 949 2494 1039; x_wconf 76' lang='grc' dir='ltr'><strong><em>δυνάμεις</em></strong></span> <span class='ocrx_word' id='word_1_57' title='bbox 2549 955 2731 1019; x_wconf 71' lang='grc' dir='ltr'><strong>εἰσίν.</strong></span> 
     </span>
     <span class='ocr_line' id='line_1_7' title="bbox 521 1055 2735 1148; baseline -0.002 -22"><span class='ocrx_word' id='word_1_58' title='bbox 521 1064 701 1126; x_wconf 87' lang='lat' dir='ltr'><strong>Haec</strong></span> <span class='ocrx_word' id='word_1_59' title='bbox 756 1070 828 1126; x_wconf 92' lang='lat' dir='ltr'><strong>ut</strong></span> <span class='ocrx_word' id='word_1_60' title='bbox 883 1059 1083 1148; x_wconf 81' lang='lat' dir='ltr'><strong>vulgo</strong></span> <span class='ocrx_word' id='word_1_61' title='bbox 1144 1058 1519 1123; x_wconf 79' lang='lat' dir='ltr'><strong>exhibentur</strong></span> <span class='ocrx_word' id='word_1_62' title='bbox 1576 1081 1661 1124; x_wconf 91' lang='lat' dir='ltr'><strong>ne</strong></span> <span class='ocrx_word' id='word_1_63' title='bbox 1704 1080 1823 1145; x_wconf 86' lang='lat' dir='ltr'><strong>per</strong></span> <span class='ocrx_word' id='word_1_64' title='bbox 1865 1062 2301 1147; x_wconf 82' lang='lat' dir='ltr'><strong>grammaticas</strong></span> <span class='ocrx_word' id='word_1_65' title='bbox 2346 1057 2599 1143; x_wconf 86' lang='lat' dir='ltr'><strong>quidem</strong></span> <span class='ocrx_word' id='word_1_66' title='bbox 2645 1055 2735 1121; x_wconf 85' lang='lat' dir='ltr'><strong>le-</strong></span> 
     </span>
     <span class='ocr_line' id='line_1_8' title="bbox 521 1160 2735 1254; baseline -0.003 -24"><span class='ocrx_word' id='word_1_67' title='bbox 521 1186 638 1254; x_wconf 79' lang='lat' dir='ltr'><strong>ges</strong></span> <span class='ocrx_word' id='word_1_68' title='bbox 681 1164 834 1229; x_wconf 84' lang='lat' dir='ltr'><strong>ferri</strong></span> <span class='ocrx_word' id='word_1_69' title='bbox 878 1172 1178 1249; x_wconf 83' lang='lat' dir='ltr'><strong>possunt,</strong></span> <span class='ocrx_word' id='word_1_70' title='bbox 1235 1160 1351 1227; x_wconf 86' lang='lat' dir='ltr'><strong>sed</strong></span> <span class='ocrx_word' id='word_1_71' title='bbox 1404 1160 1736 1228; x_wconf 86' lang='lat' dir='ltr'><strong>addendus</strong></span> <span class='ocrx_word' id='word_1_72' title='bbox 1785 1174 1955 1228; x_wconf 86' lang='lat' dir='ltr'><strong>esset</strong></span> <span class='ocrx_word' id='word_1_73' title='bbox 1998 1173 2145 1228; x_wconf 87' lang='lat' dir='ltr'><strong>ante</strong></span> <span class='ocrx_word' id='word_1_74' title='bbox 2186 1163 2546 1245; x_wconf 67' lang='grc' dir='ltr'><strong><em>ἐπιστῆμαι</em></strong></span> <span class='ocrx_word' id='word_1_75' title='bbox 2588 1162 2735 1224; x_wconf 85' lang='lat' dir='ltr'><strong>arti-</strong></span> 
     </span>
     <span class='ocr_line' id='line_1_9' title="bbox 523 1263 2736 1351; baseline -0.002 -18"><span class='ocrx_word' id='word_1_76' title='bbox 523 1268 703 1333; x_wconf 82' lang='lat' dir='ltr'>culus</span> <span class='ocrx_word' id='word_1_77' title='bbox 761 1270 834 1332; x_wconf 80' lang='grc' dir='ltr'><strong>αὶ</strong></span> <span class='ocrx_word' id='word_1_78' title='bbox 891 1288 1030 1333; x_wconf 88' lang='lat' dir='ltr'><strong>cum</strong></span> <span class='ocrx_word' id='word_1_79' title='bbox 1079 1266 1256 1330; x_wconf 78' lang='lat' dir='ltr'><strong>Alex.</strong></span> <span class='ocrx_word' id='word_1_80' title='bbox 1299 1288 1367 1351; x_wconf 88' lang='lat' dir='ltr'><strong>p.</strong></span> <span class='ocrx_word' id='word_1_81' title='bbox 1401 1266 1551 1343; x_wconf 83' lang='lat'><strong>538,</strong></span> <span class='ocrx_word' id='word_1_82' title='bbox 1599 1268 1683 1331; x_wconf 79' lang='lat'><strong>14</strong></span> <span class='ocrx_word' id='word_1_83' title='bbox 1734 1278 1800 1330; x_wconf 89' lang='lat' dir='ltr'><strong>et</strong></span> <span class='ocrx_word' id='word_1_84' title='bbox 1844 1265 1989 1331; x_wconf 90' lang='lat' dir='ltr'><strong>edd.</strong></span> <span class='ocrx_word' id='word_1_85' title='bbox 2038 1265 2181 1331; x_wconf 87' lang='lat' dir='ltr'><strong>Ald.</strong></span> <span class='ocrx_word' id='word_1_86' title='bbox 2228 1263 2443 1350; x_wconf 63' lang='lat' dir='ltr'><strong>sylb„</strong></span> <span class='ocrx_word' id='word_1_87' title='bbox 2503 1274 2572 1329; x_wconf 90' lang='lat' dir='ltr'><strong>ut</strong></span> <span class='ocrx_word' id='word_1_88' title='bbox 2630 1263 2736 1328; x_wconf 87' lang='lat' dir='ltr'><strong>hic</strong></span> 
     </span>
     <span class='ocr_line' id='line_1_10' title="bbox 524 1367 2735 1455; baseline -0.003 -19"><span class='ocrx_word' id='word_1_89' title='bbox 524 1381 695 1436; x_wconf 84' lang='lat' dir='ltr'><strong>esset</strong></span> <span class='ocrx_word' id='word_1_90' title='bbox 749 1369 1090 1435; x_wconf 84' lang='lat' dir='ltr'><strong>verborum</strong></span> <span class='ocrx_word' id='word_1_91' title='bbox 1147 1390 1399 1435; x_wconf 84' lang='lat' dir='ltr'><strong>sensus.</strong></span> <span class='ocrx_word' id='word_1_92' title='bbox 1435 1371 1669 1447; x_wconf 79' lang='grc' dir='ltr'><strong><em>πᾶσαι</em></strong></span> <span class='ocrx_word' id='word_1_93' title='bbox 1724 1372 1796 1434; x_wconf 76' lang='grc' dir='ltr'><strong>αἱ</strong></span> <span class='ocrx_word' id='word_1_94' title='bbox 1853 1375 2074 1455; x_wconf 80' lang='grc' dir='ltr'><strong><em>τέχναι</em></strong></span> <span class='ocrx_word' id='word_1_95' title='bbox 2127 1370 2239 1433; x_wconf 75' lang='grc' dir='ltr'><strong>καὶ</strong></span> <span class='ocrx_word' id='word_1_96' title='bbox 2284 1371 2355 1431; x_wconf 77' lang='grc' dir='ltr'><strong>αἱ</strong></span> <span class='ocrx_word' id='word_1_97' title='bbox 2397 1367 2735 1447; x_wconf 81' lang='grc' dir='ltr'><strong><em>ποιητικαὶ</em></strong></span> 
     </span>
     <span class='ocr_line' id='line_1_11' title="bbox 522 1459 2736 1559; baseline -0.003 -19"><span class='ocrx_word' id='word_1_98' title='bbox 522 1475 634 1540; x_wconf 81' lang='grc' dir='ltr'><strong>καὶ</strong></span> <span class='ocrx_word' id='word_1_99' title='bbox 679 1477 752 1537; x_wconf 75' lang='grc' dir='ltr'><strong>αἱ</strong></span> <span class='ocrx_word' id='word_1_100' title='bbox 793 1475 1201 1559; x_wconf 75' lang='grc' dir='ltr'><strong><em>θεωρητικαὶ</em></strong></span> <span class='ocrx_word' id='word_1_101' title='bbox 1242 1465 1390 1552; x_wconf 81' lang='grc' dir='ltr'><strong><em>ἤτοι</em></strong></span> <span class='ocrx_word' id='word_1_102' title='bbox 1434 1476 1505 1537; x_wconf 84' lang='grc' dir='ltr'><strong>αἱ</strong></span> <span class='ocrx_word' id='word_1_103' title='bbox 1550 1473 1921 1557; x_wconf 77' lang='grc' dir='ltr'><strong><em>ἐπιστῆμαι,</em></strong></span> <span class='ocrx_word' id='word_1_104' title='bbox 1966 1471 2075 1537; x_wconf 89' lang='lat' dir='ltr'><strong>ubi</strong></span> <span class='ocrx_word' id='word_1_105' title='bbox 2120 1469 2374 1557; x_wconf 87' lang='lat' dir='ltr'><strong>quidem</strong></span> <span class='ocrx_word' id='word_1_106' title='bbox 2414 1459 2607 1554; x_wconf 70' lang='grc' dir='ltr'><strong><em>τέχνη</em></strong></span> <span class='ocrx_word' id='word_1_107' title='bbox 2645 1467 2736 1533; x_wconf 84' lang='lat' dir='ltr'><strong>la-</strong></span> 
     </span>
     <span class='ocr_line' id='line_1_12' title="bbox 525 1571 2734 1663; baseline -0.003 -20"><span class='ocrx_word' id='word_1_108' title='bbox 525 1580 692 1643; x_wconf 89' lang='lat' dir='ltr'><strong>tiore</strong></span> <span class='ocrx_word' id='word_1_109' title='bbox 749 1575 857 1640; x_wconf 84' lang='lat' dir='ltr'><strong>illa</strong></span> <span class='ocrx_word' id='word_1_110' title='bbox 915 1579 1185 1641; x_wconf 91' lang='lat' dir='ltr'><strong>notione</strong></span> <span class='ocrx_word' id='word_1_111' title='bbox 1243 1586 1609 1663; x_wconf 89' lang='lat' dir='ltr'><strong>usurpatum</strong></span> <span class='ocrx_word' id='word_1_112' title='bbox 1669 1586 1863 1655; x_wconf 82' lang='lat' dir='ltr'><strong>esset,</strong></span> <span class='ocrx_word' id='word_1_113' title='bbox 1921 1574 2005 1641; x_wconf 85' lang='lat' dir='ltr'><strong>de</strong></span> <span class='ocrx_word' id='word_1_114' title='bbox 2056 1596 2179 1661; x_wconf 90' lang='lat' dir='ltr'><strong>qua</strong></span> <span class='ocrx_word' id='word_1_115' title='bbox 2225 1573 2460 1661; x_wconf 74' lang='lat' dir='ltr'><strong>dicmm</strong></span> <span class='ocrx_word' id='word_1_116' title='bbox 2508 1583 2608 1638; x_wconf 87' lang='lat' dir='ltr'><strong>est</strong></span> <span class='ocrx_word' id='word_1_117' title='bbox 2650 1571 2734 1637; x_wconf 72' lang='lat' dir='ltr'><strong>ad</strong></span> 
     </span>
     <span class='ocr_line' id='line_1_13' title="bbox 523 1675 2733 1767; baseline -0.003 -21"><span class='ocrx_word' id='word_1_118' title='bbox 523 1682 596 1746; x_wconf 83' lang='lat' dir='ltr'><em>A</em></span> <span class='ocrx_word' id='word_1_119' title='bbox 634 1684 691 1746; x_wconf 90' lang='lat' dir='ltr'><strong>l.</strong></span> <span class='ocrx_word' id='word_1_120' title='bbox 724 1704 791 1767; x_wconf 90' lang='lat' dir='ltr'><strong>p.</strong></span> <span class='ocrx_word' id='word_1_121' title='bbox 824 1680 930 1744; x_wconf 79' lang='lat'><strong>46.</strong></span> <span class='ocrx_word' id='word_1_122' title='bbox 1007 1679 1138 1745; x_wconf 84' lang='lat' dir='ltr'><strong>Sed</strong></span> <span class='ocrx_word' id='word_1_123' title='bbox 1182 1680 1576 1745; x_wconf 77' lang='lat' dir='ltr'><strong>theoreticae</strong></span> <span class='ocrx_word' id='word_1_124' title='bbox 1623 1677 2015 1765; x_wconf 88' lang='lat' dir='ltr'><strong>disciplinae,</strong></span> <span class='ocrx_word' id='word_1_125' title='bbox 2065 1699 2227 1763; x_wconf 85' lang='lat' dir='ltr'><strong>quae</strong></span> <span class='ocrx_word' id='word_1_126' title='bbox 2273 1675 2733 1765; x_wconf 74' lang='lat' dir='ltr'><strong>cognoscendo</strong></span> 
     </span>
     <span class='ocr_line' id='line_1_14' title="bbox 525 1780 2736 1870; baseline -0.004 -19"><span class='ocrx_word' id='word_1_127' title='bbox 525 1783 946 1851; x_wconf 85' lang='lat' dir='ltr'><strong>absolvuntur</strong></span> <span class='ocrx_word' id='word_1_128' title='bbox 987 1804 1197 1870; x_wconf 90' lang='lat' dir='ltr'><strong>neque</strong></span> <span class='ocrx_word' id='word_1_129' title='bbox 1242 1794 1413 1848; x_wconf 82' lang='lat' dir='ltr'><strong>extra</strong></span> <span class='ocrx_word' id='word_1_130' title='bbox 1457 1805 1526 1847; x_wconf 85' lang='lat' dir='ltr'><strong>se</strong></span> <span class='ocrx_word' id='word_1_131' title='bbox 1572 1802 1734 1868; x_wconf 86' lang='lat' dir='ltr'><strong>opus</strong></span> <span class='ocrx_word' id='word_1_132' title='bbox 1773 1781 1971 1848; x_wconf 91' lang='lat' dir='ltr'><strong>ullum</strong></span> <span class='ocrx_word' id='word_1_133' title='bbox 2011 1780 2371 1868; x_wconf 88' lang='lat' dir='ltr'><strong>perficiunt,</strong></span> <span class='ocrx_word' id='word_1_134' title='bbox 2412 1800 2549 1844; x_wconf 88' lang='lat' dir='ltr'><strong>non</strong></span> <span class='ocrx_word' id='word_1_135' title='bbox 2584 1801 2736 1865; x_wconf 81' lang='lat' dir='ltr'><strong>pos-</strong></span> 
     </span>
     <span class='ocr_line' id='line_1_15' title="bbox 526 1878 2733 1974; baseline -0.004 -19"><span class='ocrx_word' id='word_1_136' title='bbox 526 1898 676 1955; x_wconf 88' lang='lat' dir='ltr'><strong>sunt</strong></span> <span class='ocrx_word' id='word_1_137' title='bbox 717 1888 942 1954; x_wconf 86' lang='lat' dir='ltr'><strong>referri</strong></span> <span class='ocrx_word' id='word_1_138' title='bbox 986 1887 1068 1952; x_wconf 88' lang='lat' dir='ltr'><strong>ad</strong></span> <span class='ocrx_word' id='word_1_139' title='bbox 1113 1881 1323 1974; x_wconf 79' lang='grc' dir='ltr'><em>ἀρχάς</em></span> <span class='ocrx_word' id='word_1_140' title='bbox 1363 1878 1849 1971; x_wconf 77' lang='grc' dir='ltr'><strong><em>μεταβλητικάς</em></strong></span> <span class='ocrx_word' id='word_1_141' title='bbox 1889 1890 1961 1950; x_wconf 70' lang='grc' dir='ltr'><strong>ἐν</strong></span> <span class='ocrx_word' id='word_1_142' title='bbox 2004 1879 2239 1969; x_wconf 75' lang='grc' dir='ltr'><strong>ἄλλῳ.</strong></span> <span class='ocrx_word' id='word_1_143' title='bbox 2328 1885 2547 1969; x_wconf 73' lang='lat' dir='ltr'><strong>Itaque</strong></span> <span class='ocrx_word' id='word_1_144' title='bbox 2593 1905 2733 1947; x_wconf 86' lang='lat' dir='ltr'><strong>cum</strong></span> 
     </span>
     <span class='ocr_line' id='line_1_16' title="bbox 523 1986 2733 2077; baseline -0.004 -18"><span class='ocrx_word' id='word_1_145' title='bbox 523 1993 865 2059; x_wconf 90' lang='lat' dir='ltr'><strong>Brandisio</strong></span> <span class='ocrx_word' id='word_1_146' title='bbox 925 2001 1180 2058; x_wconf 86' lang='lat' dir='ltr'><strong>secutus</strong></span> <span class='ocrx_word' id='word_1_147' title='bbox 1237 1994 1795 2077; x_wconf 78' lang='lat' dir='ltr'><strong>interpretationes</strong></span> <span class='ocrx_word' id='word_1_148' title='bbox 1842 1992 2021 2055; x_wconf 89' lang='lat' dir='ltr'><strong>Bess.</strong></span> <span class='ocrx_word' id='word_1_149' title='bbox 2068 1999 2135 2054; x_wconf 86' lang='lat' dir='ltr'><strong>et</strong></span> <span class='ocrx_word' id='word_1_150' title='bbox 2176 1990 2326 2074; x_wconf 87' lang='lat' dir='ltr'><strong>Sep.</strong></span> <span class='ocrx_word' id='word_1_151' title='bbox 2384 1986 2733 2053; x_wconf 84' lang='lat' dir='ltr'><strong>sanandum</strong></span> 
     </span>
     <span class='ocr_line' id='line_1_17' title="bbox 525 2089 2791 2163; baseline -0.003 -2"><span class='ocrx_word' id='word_1_152' title='bbox 525 2095 738 2162; x_wconf 88' lang='lat' dir='ltr'><strong>locum</strong></span> <span class='ocrx_word' id='word_1_153' title='bbox 782 2097 1122 2163; x_wconf 78' lang='lat' dir='ltr'><strong>arbitratus</strong></span> <span class='ocrx_word' id='word_1_154' title='bbox 1165 2117 1303 2161; x_wconf 90' lang='lat' dir='ltr'><strong>sum</strong></span> <span class='ocrx_word' id='word_1_155' title='bbox 1347 2115 1484 2161; x_wconf 89' lang='lat' dir='ltr'><strong>non</strong></span> <span class='ocrx_word' id='word_1_156' title='bbox 1530 2092 1831 2160; x_wconf 87' lang='lat' dir='ltr'><strong>addendo</strong></span> <span class='ocrx_word' id='word_1_157' title='bbox 1885 2091 2152 2158; x_wconf 87' lang='lat' dir='ltr'><strong>articulo</strong></span> <span class='ocrx_word' id='word_1_158' title='bbox 2211 2091 2328 2158; x_wconf 85' lang='lat' dir='ltr'><strong>sed</strong></span> <span class='ocrx_word' id='word_1_159' title='bbox 2386 2089 2735 2157; x_wconf 87' lang='lat' dir='ltr'><strong>omittenda</strong></span> <span class='ocrx_word' id='word_1_160' title='bbox 2784 2090 2791 2095; x_wconf 76' lang='grc'><strong>’</strong></span> 
     </span>
     <span class='ocr_line' id='line_1_18' title="bbox 524 2200 2738 2286; baseline -0.001 -22"><span class='ocrx_word' id='word_1_161' title='bbox 524 2210 686 2286; x_wconf 86' lang='lat' dir='ltr'><strong>part.</strong></span> <span class='ocrx_word' id='word_1_162' title='bbox 731 2201 845 2264; x_wconf 82' lang='grc' dir='ltr'><strong>καί</strong></span> <span class='ocrx_word' id='word_1_163' title='bbox 889 2210 1034 2264; x_wconf 87' lang='lat' dir='ltr'><strong>ante</strong></span> <span class='ocrx_word' id='word_1_164' title='bbox 1080 2200 1462 2282; x_wconf 67' lang='grc' dir='ltr'><strong><em>ἐπιστῆμαι,</em></strong></span> <span class='ocrx_word' id='word_1_165' title='bbox 1521 2218 1685 2284; x_wconf 88' lang='lat' dir='ltr'><strong>quae</strong></span> <span class='ocrx_word' id='word_1_166' title='bbox 1745 2218 1819 2261; x_wconf 88' lang='lat' dir='ltr'><strong>ex</strong></span> <span class='ocrx_word' id='word_1_167' title='bbox 1875 2200 2102 2263; x_wconf 88' lang='lat' dir='ltr'><strong>iterata</strong></span> <span class='ocrx_word' id='word_1_168' title='bbox 2147 2218 2265 2282; x_wconf 89' lang='lat' dir='ltr'><strong>per</strong></span> <span class='ocrx_word' id='word_1_169' title='bbox 2308 2217 2589 2262; x_wconf 87' lang='lat' dir='ltr'><strong>errorem</strong></span> <span class='ocrx_word' id='word_1_170' title='bbox 2633 2216 2738 2261; x_wconf 80' lang='lat' dir='ltr'><strong>ex-</strong></span> 
     </span>
     <span class='ocr_line' id='line_1_19' title="bbox 525 2300 2737 2388; baseline -0.003 -19"><span class='ocrx_word' id='word_1_171' title='bbox 525 2314 725 2369; x_wconf 80' lang='lat' dir='ltr'><strong>trema</strong></span> <span class='ocrx_word' id='word_1_172' title='bbox 768 2326 830 2367; x_wconf 80' lang='lat' dir='ltr'><strong>v.</strong></span> <span class='ocrx_word' id='word_1_173' title='bbox 875 2306 1210 2382; x_wconf 76' lang='grc' dir='ltr'><strong><em>ποιητικαί</em></strong></span> <span class='ocrx_word' id='word_1_174' title='bbox 1251 2300 1505 2388; x_wconf 77' lang='lat' dir='ltr'><strong>syllaba</strong></span> <span class='ocrx_word' id='word_1_175' title='bbox 1550 2300 1737 2366; x_wconf 76' lang='lat' dir='ltr'><strong>facile</strong></span> <span class='ocrx_word' id='word_1_176' title='bbox 1780 2304 1991 2387; x_wconf 84' lang='lat' dir='ltr'><strong>potuit</strong></span> <span class='ocrx_word' id='word_1_177' title='bbox 2034 2303 2218 2366; x_wconf 86' lang='lat' dir='ltr'><strong>oriri:</strong></span> <span class='ocrx_word' id='word_1_178' title='bbox 2262 2302 2471 2366; x_wconf 82' lang='grc' dir='ltr'><strong><em>πᾶσαι</em></strong></span> <span class='ocrx_word' id='word_1_179' title='bbox 2519 2303 2591 2364; x_wconf 73' lang='grc' dir='ltr'><strong>αἱ</strong></span> <span class='ocrx_word' id='word_1_180' title='bbox 2632 2302 2737 2364; x_wconf 75' lang='grc' dir='ltr'><strong>τὲ-</strong></span> 
     </span>
     <span class='ocr_line' id='line_1_20' title="bbox 519 2402 2739 2493; baseline -0.002 -21"><span class='ocrx_word' id='word_1_181' title='bbox 519 2429 681 2493; x_wconf 78' lang='grc' dir='ltr'><strong><em>χναι</em></strong></span> <span class='ocrx_word' id='word_1_182' title='bbox 710 2407 824 2471; x_wconf 85' lang='grc' dir='ltr'><strong>καὶ</strong></span> <span class='ocrx_word' id='word_1_183' title='bbox 853 2409 926 2469; x_wconf 77' lang='grc' dir='ltr'><strong>αἱ</strong></span> <span class='ocrx_word' id='word_1_184' title='bbox 960 2408 1294 2486; x_wconf 83' lang='grc' dir='ltr'><strong><em>ποιητικαὶ</em></strong></span> <span class='ocrx_word' id='word_1_185' title='bbox 1324 2406 1697 2489; x_wconf 68' lang='grc' dir='ltr'><strong><em>ἐπιστῆμαι.</em></strong></span> <span class='ocrx_word' id='word_1_186' title='bbox 1773 2404 2113 2471; x_wconf 82' lang='lat' dir='ltr'><strong>Addidisse</strong></span> <span class='ocrx_word' id='word_1_187' title='bbox 2147 2415 2355 2470; x_wconf 86' lang='lat' dir='ltr'><strong>autem</strong></span> <span class='ocrx_word' id='word_1_188' title='bbox 2391 2402 2474 2469; x_wconf 85' lang='lat' dir='ltr'><strong>ad</strong></span> <span class='ocrx_word' id='word_1_189' title='bbox 2506 2408 2739 2488; x_wconf 74' lang='grc' dir='ltr'><strong><em>τέχνας</em></strong></span> 
     </span>
     <span class='ocr_line' id='line_1_21' title="bbox 527 2503 2737 2600; baseline -0.003 -24"><span class='ocrx_word' id='word_1_190' title='bbox 527 2532 648 2600; x_wconf 89' lang='lat' dir='ltr'><strong>pro</strong></span> <span class='ocrx_word' id='word_1_191' title='bbox 694 2530 1064 2599; x_wconf 78' lang='lat' dir='ltr'><strong>synonymo</strong></span> <span class='ocrx_word' id='word_1_192' title='bbox 1109 2503 1230 2588; x_wconf 75' lang='grc' dir='ltr'><strong>τὰς</strong></span> <span class='ocrx_word' id='word_1_193' title='bbox 1271 2503 1614 2589; x_wconf 71' lang='grc' dir='ltr'><strong><em>ποιητικὰς</em></strong></span> <span class='ocrx_word' id='word_1_194' title='bbox 1638 2504 2020 2594; x_wconf 49' lang='lat' dir='ltr'><strong>&amp;mortificate</strong></span> <span class='ocrx_word' id='word_1_195' title='bbox 2074 2519 2418 2596; x_wconf 87' lang='lat' dir='ltr'><strong>propterea</strong></span> <span class='ocrx_word' id='word_1_196' title='bbox 2465 2507 2737 2587; x_wconf 84' lang='lat' dir='ltr'><strong>videtur,</strong></span> 
     </span>
     <span class='ocr_line' id='line_1_22' title="bbox 529 2616 2737 2704; baseline -0.002 -22"><span class='ocrx_word' id='word_1_197' title='bbox 529 2638 660 2704; x_wconf 84' lang='lat' dir='ltr'><strong>quo</strong></span> <span class='ocrx_word' id='word_1_198' title='bbox 704 2618 906 2703; x_wconf 77' lang='lat' dir='ltr'><strong>mag-is</strong></span> <span class='ocrx_word' id='word_1_199' title='bbox 951 2624 1281 2700; x_wconf 81' lang='lat' dir='ltr'><strong>appareat,</strong></span> <span class='ocrx_word' id='word_1_200' title='bbox 1334 2624 1500 2678; x_wconf 84' lang='lat' dir='ltr'><strong>artes</strong></span> <span class='ocrx_word' id='word_1_201' title='bbox 1545 2637 1580 2678; x_wconf 89' lang='lat' dir='ltr'><strong>a</strong></span> <span class='ocrx_word' id='word_1_202' title='bbox 1627 2618 1877 2680; x_wconf 85' lang='lat' dir='ltr'><strong>ratione</strong></span> <span class='ocrx_word' id='word_1_203' title='bbox 1923 2624 1989 2679; x_wconf 88' lang='lat' dir='ltr'><strong>et</strong></span> <span class='ocrx_word' id='word_1_204' title='bbox 2028 2616 2291 2679; x_wconf 80' lang='lat' dir='ltr'><strong>scientia</strong></span> <span class='ocrx_word' id='word_1_205' title='bbox 2336 2616 2431 2679; x_wconf 87' lang='lat' dir='ltr'><strong>rei</strong></span> <span class='ocrx_word' id='word_1_206' title='bbox 2476 2633 2737 2701; x_wconf 85' lang='lat' dir='ltr'><strong>suspen·</strong></span> 
     </span>
     <span class='ocr_line' id='line_1_23' title="bbox 528 2711 2739 2804; baseline -0.001 -19"><span class='ocrx_word' id='word_1_207' title='bbox 528 2741 631 2786; x_wconf 84' lang='lat' dir='ltr'><strong>sas</strong></span> <span class='ocrx_word' id='word_1_208' title='bbox 680 2739 839 2784; x_wconf 86' lang='lat' dir='ltr'><strong>esse.</strong></span> <span class='ocrx_word' id='word_1_209' title='bbox 913 2719 998 2782; x_wconf 88' lang='lat' dir='ltr'><strong>Et</strong></span> <span class='ocrx_word' id='word_1_210' title='bbox 1041 2711 1399 2802; x_wconf 73' lang='grc' dir='ltr'><strong><em>ἐπιστήμης</em></strong></span> <span class='ocrx_word' id='word_1_211' title='bbox 1442 2716 1696 2803; x_wconf 83' lang='lat' dir='ltr'><strong>quidem</strong></span> <span class='ocrx_word' id='word_1_212' title='bbox 1734 2721 2065 2785; x_wconf 88' lang='lat' dir='ltr'><strong>notionem</strong></span> <span class='ocrx_word' id='word_1_213' title='bbox 2104 2717 2373 2804; x_wconf 77' lang='lat' dir='ltr'><strong>perinde</strong></span> <span class='ocrx_word' id='word_1_214' title='bbox 2410 2717 2598 2783; x_wconf 83' lang='lat' dir='ltr'><strong>latins</strong></span> <span class='ocrx_word' id='word_1_215' title='bbox 2634 2737 2739 2781; x_wconf 81' lang='lat' dir='ltr'><strong>ex·</strong></span> 
     </span>
     <span class='ocr_line' id='line_1_24' title="bbox 529 2822 2740 2906; baseline -0.001 -17"><span class='ocrx_word' id='word_1_216' title='bbox 529 2823 734 2890; x_wconf 85' lang='lat' dir='ltr'><strong>tendit</strong></span> <span class='ocrx_word' id='word_1_217' title='bbox 777 2845 853 2888; x_wconf 86' lang='lat' dir='ltr'><strong>ac</strong></span> <span class='ocrx_word' id='word_1_218' title='bbox 894 2824 970 2888; x_wconf 83' lang='lat' dir='ltr'><em>A</em></span> <span class='ocrx_word' id='word_1_219' title='bbox 1013 2823 1074 2885; x_wconf 84' lang='lat'><strong>9.</strong></span> <span class='ocrx_word' id='word_1_220' title='bbox 1123 2822 1334 2906; x_wconf 77' lang='lat' dir='ltr'><strong>1075a</strong></span> <span class='ocrx_word' id='word_1_221' title='bbox 1369 2823 1438 2885; x_wconf 85' lang='lat'><strong>1:</strong></span> <span class='ocrx_word' id='word_1_222' title='bbox 1484 2823 1590 2886; x_wconf 75' lang='grc' dir='ltr'><strong>ἐπὶ</strong></span> <span class='ocrx_word' id='word_1_223' title='bbox 1635 2824 1755 2906; x_wconf 65' lang='grc' dir='ltr'><strong>μὲν</strong></span> <span class='ocrx_word' id='word_1_224' title='bbox 1799 2825 1931 2888; x_wconf 78' lang='grc' dir='ltr'><strong>τῶν</strong></span> <span class='ocrx_word' id='word_1_225' title='bbox 1973 2825 2324 2901; x_wconf 75' lang='grc' dir='ltr'><strong><em>ποιητικῶν</em></strong></span> <span class='ocrx_word' id='word_1_226' title='bbox 2367 2822 2740 2904; x_wconf 65' lang='grc' dir='ltr'><strong><em>ἐπιστημῶν</em></strong></span> 
     </span>
     <span class='ocr_line' id='line_1_25' title="bbox 528 2917 2741 3012; baseline -0.001 -20"><span class='ocrx_word' id='word_1_227' title='bbox 528 2930 570 2992; x_wconf 93' lang='lat' dir='ltr'><strong>i.</strong></span> <span class='ocrx_word' id='word_1_228' title='bbox 606 2950 661 2993; x_wconf 89' lang='lat' dir='ltr'><strong>e.</strong></span> <span class='ocrx_word' id='word_1_229' title='bbox 708 2928 815 2992; x_wconf 67' lang='grc' dir='ltr'><strong>ἐπὶ</strong></span> <span class='ocrx_word' id='word_1_230' title='bbox 857 2926 991 2992; x_wconf 82' lang='grc' dir='ltr'><strong>τῶν</strong></span> <span class='ocrx_word' id='word_1_231' title='bbox 1031 2927 1291 3009; x_wconf 79' lang='grc' dir='ltr'><strong><em>τεχνῶν,</em></strong></span> <span class='ocrx_word' id='word_1_232' title='bbox 1337 2925 1416 2990; x_wconf 85' lang='lat' dir='ltr'><strong>cf.</strong></span> <span class='ocrx_word' id='word_1_233' title='bbox 1451 2924 1627 2990; x_wconf 85' lang='lat' dir='ltr'><strong>Alex.</strong></span> <span class='ocrx_word' id='word_1_234' title='bbox 1668 2924 1751 2991; x_wconf 86' lang='lat' dir='ltr'><strong>ad</strong></span> <span class='ocrx_word' id='word_1_235' title='bbox 1785 2926 1847 2989; x_wconf 87' lang='lat' dir='ltr'><strong>h.</strong></span> <span class='ocrx_word' id='word_1_236' title='bbox 1878 2924 1922 2989; x_wconf 90' lang='lat' dir='ltr'><strong>l.</strong></span> <span class='ocrx_word' id='word_1_237' title='bbox 1962 2950 2025 3012; x_wconf 90' lang='lat' dir='ltr'><strong>p.</strong></span> <span class='ocrx_word' id='word_1_238' title='bbox 2056 2926 2203 3003; x_wconf 79' lang='lat'><strong>689,</strong></span> <span class='ocrx_word' id='word_1_239' title='bbox 2242 2928 2352 2992; x_wconf 79' lang='lat'><strong>17:</strong></span> <span class='ocrx_word' id='word_1_240' title='bbox 2398 2917 2741 3004; x_wconf 74' lang='grc' dir='ltr'><strong><em>ποιητικὰς</em></strong></span> 
     </span>
     <span class='ocr_line' id='line_1_26' title="bbox 531 3023 2737 3114; baseline -0.002 -17"><span class='ocrx_word' id='word_1_241' title='bbox 531 3032 600 3097; x_wconf 74' lang='grc' dir='ltr'><strong>δὲ</strong></span> <span class='ocrx_word' id='word_1_242' title='bbox 643 3024 1006 3113; x_wconf 74' lang='grc' dir='ltr'><strong><em>ἐπιστήμας</em></strong></span> <span class='ocrx_word' id='word_1_243' title='bbox 1060 3023 1561 3114; x_wconf 76' lang='grc' dir='ltr'><strong><em>καταχρώμενος</em></strong></span> <span class='ocrx_word' id='word_1_244' title='bbox 1616 3028 1710 3110; x_wconf 72' lang='grc' dir='ltr'><strong>τῷ</strong></span> <span class='ocrx_word' id='word_1_245' title='bbox 1755 3030 1870 3107; x_wconf 81' lang='grc' dir='ltr'><strong>τῆς</strong></span> <span class='ocrx_word' id='word_1_246' title='bbox 1912 3026 2271 3113; x_wconf 67' lang='grc' dir='ltr'><strong><em>ἐπιστήμης</em></strong></span> <span class='ocrx_word' id='word_1_247' title='bbox 2314 3024 2594 3114; x_wconf 81' lang='grc' dir='ltr'><strong><em>ὀνόματι</em></strong></span> <span class='ocrx_word' id='word_1_248' title='bbox 2634 3030 2737 3094; x_wconf 75' lang='grc' dir='ltr'><strong>λέ-</strong></span> 
     </span>
     <span class='ocr_line' id='line_1_27' title="bbox 528 3124 1713 3219; baseline -0.003 -21"><span class='ocrx_word' id='word_1_249' title='bbox 528 3156 630 3219; x_wconf 77' lang='grc' dir='ltr'><strong>γει</strong></span> <span class='ocrx_word' id='word_1_250' title='bbox 673 3125 1095 3215; x_wconf 66' lang='grc' dir='ltr'><strong><em>οἰκοδομικὴν</em></strong></span> <span class='ocrx_word' id='word_1_251' title='bbox 1138 3132 1252 3195; x_wconf 84' lang='grc' dir='ltr'><strong>καὶ</strong></span> <span class='ocrx_word' id='word_1_252' title='bbox 1294 3124 1414 3206; x_wconf 76' lang='grc' dir='ltr'><strong>τὰς</strong></span> <span class='ocrx_word' id='word_1_253' title='bbox 1458 3127 1713 3213; x_wconf 83' lang='grc' dir='ltr'><strong>ὁμοίας.</strong></span> 
     </span>
    </p>

    <p class='ocr_par' dir='ltr' id='par_1_5' title="bbox 504 3227 2742 4572">
     <span class='ocr_line' id='line_1_28' title="bbox 664 3227 2741 3318; baseline -0.001 -17"><span class='ocrx_word' id='word_1_254' title='bbox 664 3236 868 3301; x_wconf 75' lang='grc' dir='ltr'><strong>1046ῠ</strong></span> <span class='ocrx_word' id='word_1_255' title='bbox 894 3236 934 3298; x_wconf 82' lang='grc'><strong>4</strong></span> <span class='ocrx_word' id='word_1_256' title='bbox 980 3234 1118 3298; x_wconf 81' lang='grc' dir='ltr'><strong>καὶ</strong></span> <span class='ocrx_word' id='word_1_257' title='bbox 1162 3237 1246 3298; x_wconf 80' lang='grc' dir='ltr'><strong>αἱ</strong></span> <span class='ocrx_word' id='word_1_258' title='bbox 1288 3270 1369 3284; x_wconf 90' lang='grc'><strong>-</strong></span> <span class='ocrx_word' id='word_1_259' title='bbox 1410 3234 1497 3297; x_wconf 83' lang='grc'><strong>24</strong></span> <span class='ocrx_word' id='word_1_260' title='bbox 1536 3227 1763 3318; x_wconf 79' lang='grc' dir='ltr'><strong>λόγῳ.</strong></span> <span class='ocrx_word' id='word_1_261' title='bbox 1840 3234 2275 3300; x_wconf 85' lang='lat' dir='ltr'><strong>Rationalium</strong></span> <span class='ocrx_word' id='word_1_262' title='bbox 2313 3245 2377 3300; x_wconf 90' lang='lat' dir='ltr'><strong>et</strong></span> <span class='ocrx_word' id='word_1_263' title='bbox 2411 3237 2741 3300; x_wconf 85' lang='lat' dir='ltr'><strong>irrationa-</strong></span> 
     </span>
     <span class='ocr_line' id='line_1_29' title="bbox 530 3336 2741 3425; baseline -0.001 -19"><span class='ocrx_word' id='word_1_264' title='bbox 530 3341 683 3406; x_wconf 86' lang='lat' dir='ltr'><strong>lium</strong></span> <span class='ocrx_word' id='word_1_265' title='bbox 729 3339 1157 3425; x_wconf 84' lang='lat' dir='ltr'><strong>potcntiarum</strong></span> <span class='ocrx_word' id='word_1_266' title='bbox 1201 3338 1329 3402; x_wconf 91' lang='lat' dir='ltr'><strong>hoc</strong></span> <span class='ocrx_word' id='word_1_267' title='bbox 1372 3348 1469 3403; x_wconf 85' lang='lat' dir='ltr'><strong>est</strong></span> <span class='ocrx_word' id='word_1_268' title='bbox 1511 3342 1923 3425; x_wconf 88' lang='lat' dir='ltr'><strong>praecipuum</strong></span> <span class='ocrx_word' id='word_1_269' title='bbox 1970 3336 2325 3417; x_wconf 82' lang='lat' dir='ltr'><strong>discrimen,</strong></span> <span class='ocrx_word' id='word_1_270' title='bbox 2368 3338 2542 3425; x_wconf 87' lang='lat' dir='ltr'><strong>quod</strong></span> <span class='ocrx_word' id='word_1_271' title='bbox 2586 3342 2741 3404; x_wconf 87' lang='lat' dir='ltr'><strong>irra-</strong></span> 
     </span>
     <span class='ocr_line' id='line_1_30' title="bbox 532 3439 2739 3530; baseline -0.001 -21"><span class='ocrx_word' id='word_1_272' title='bbox 532 3441 806 3509; x_wconf 88' lang='lat' dir='ltr'><strong>tionales</strong></span> <span class='ocrx_word' id='word_1_273' title='bbox 852 3439 1142 3530; x_wconf 81' lang='lat' dir='ltr'><strong>singulae</strong></span> <span class='ocrx_word' id='word_1_274' title='bbox 1189 3464 1478 3529; x_wconf 87' lang='lat' dir='ltr'><strong>quaeque</strong></span> <span class='ocrx_word' id='word_1_275' title='bbox 1527 3463 1720 3509; x_wconf 89' lang='lat' dir='ltr'><strong>unum</strong></span> <span class='ocrx_word' id='word_1_276' title='bbox 1767 3442 2085 3530; x_wconf 88' lang='lat' dir='ltr'><strong>quidpiam</strong></span> <span class='ocrx_word' id='word_1_277' title='bbox 2131 3442 2499 3530; x_wconf 85' lang='lat' dir='ltr'><strong>perficiunt,</strong></span> <span class='ocrx_word' id='word_1_278' title='bbox 2542 3441 2739 3508; x_wconf 81' lang='lat' dir='ltr'><strong>veluti</strong></span> 
     </span>
     <span class='ocr_line' id='line_1_31' title="bbox 533 3546 2739 3635; baseline -0.001 -22"><span class='ocrx_word' id='word_1_279' title='bbox 533 3548 918 3613; x_wconf 43' lang='lat' dir='ltr'><strong>calefactiva.</strong></span> <span class='ocrx_word' id='word_1_280' title='bbox 950 3548 1240 3632; x_wconf 80' lang='lat' dir='ltr'><strong>potentia</strong></span> <span class='ocrx_word' id='word_1_281' title='bbox 1286 3546 1561 3612; x_wconf 87' lang='lat' dir='ltr'><strong>calorem</strong></span> <span class='ocrx_word' id='word_1_282' title='bbox 1608 3568 1820 3632; x_wconf 87' lang='lat' dir='ltr'><strong>neque</strong></span> <span class='ocrx_word' id='word_1_283' title='bbox 1866 3546 2088 3612; x_wconf 86' lang='lat' dir='ltr'><strong>eadem</strong></span> <span class='ocrx_word' id='word_1_284' title='bbox 2134 3547 2353 3635; x_wconf 81' lang='lat' dir='ltr'><strong>frigus,</strong></span> <span class='ocrx_word' id='word_1_285' title='bbox 2395 3546 2739 3611; x_wconf 81' lang='lat' dir='ltr'><strong>rationales</strong></span> 
     </span>
     <span class='ocr_line' id='line_1_32' title="bbox 530 3649 2742 3738; baseline -0.001 -21"><span class='ocrx_word' id='word_1_286' title='bbox 530 3674 688 3717; x_wconf 80' lang='lat' dir='ltr'><strong>vero</strong></span> <span class='ocrx_word' id='word_1_287' title='bbox 736 3649 996 3716; x_wconf 87' lang='lat' dir='ltr'><strong>eaedem</strong></span> <span class='ocrx_word' id='word_1_288' title='bbox 1045 3655 1360 3715; x_wconf 83' lang='lat' dir='ltr'><strong>contraria</strong></span> <span class='ocrx_word' id='word_1_289' title='bbox 1404 3662 1677 3738; x_wconf 87' lang='lat' dir='ltr'><strong>possunt</strong></span> <span class='ocrx_word' id='word_1_290' title='bbox 1722 3650 2006 3730; x_wconf 82' lang='lat' dir='ltr'><strong>efficere,</strong></span> <span class='ocrx_word' id='word_1_291' title='bbox 2060 3649 2259 3715; x_wconf 83' lang='lat' dir='ltr'><strong>veluti</strong></span> <span class='ocrx_word' id='word_1_292' title='bbox 2317 3650 2629 3715; x_wconf 88' lang='lat' dir='ltr'><strong>medicina</strong></span> <span class='ocrx_word' id='word_1_293' title='bbox 2676 3660 2742 3716; x_wconf 88' lang='lat' dir='ltr'><strong>et</strong></span> 
     </span>
     <span class='ocr_line' id='line_1_33' title="bbox 532 3753 2740 3843; baseline -0.001 -22"><span class='ocrx_word' id='word_1_294' title='bbox 532 3759 863 3822; x_wconf 85' lang='lat' dir='ltr'><strong>sanitatem</strong></span> <span class='ocrx_word' id='word_1_295' title='bbox 898 3765 962 3819; x_wconf 89' lang='lat' dir='ltr'><strong>et</strong></span> <span class='ocrx_word' id='word_1_296' title='bbox 989 3753 1299 3820; x_wconf 87' lang='lat' dir='ltr'><strong>morbum.</strong></span> <span class='ocrx_word' id='word_1_297' title='bbox 1366 3756 1679 3820; x_wconf 87' lang='lat' dir='ltr'><strong>Nimirum</strong></span> <span class='ocrx_word' id='word_1_298' title='bbox 1721 3753 2068 3819; x_wconf 88' lang='lat' dir='ltr'><strong>rationales</strong></span> <span class='ocrx_word' id='word_1_299' title='bbox 2104 3776 2140 3820; x_wconf 90' lang='lat' dir='ltr'><strong>a</strong></span> <span class='ocrx_word' id='word_1_300' title='bbox 2170 3758 2433 3820; x_wconf 87' lang='lat' dir='ltr'><strong>scientia</strong></span> <span class='ocrx_word' id='word_1_301' title='bbox 2462 3757 2555 3820; x_wconf 91' lang='lat' dir='ltr'><strong>rei</strong></span> <span class='ocrx_word' id='word_1_302' title='bbox 2585 3775 2740 3843; x_wconf 86' lang='lat' dir='ltr'><strong>pen-</strong></span> 
     </span>
     <span class='ocr_line' id='line_1_34' title="bbox 532 3853 2740 3942; baseline -0.001 -17"><span class='ocrx_word' id='word_1_303' title='bbox 532 3859 688 3925; x_wconf 88' lang='lat' dir='ltr'><strong>dent</strong></span> <span class='ocrx_word' id='word_1_304' title='bbox 732 3870 799 3924; x_wconf 90' lang='lat' dir='ltr'><strong>et</strong></span> <span class='ocrx_word' id='word_1_305' title='bbox 833 3853 1025 3942; x_wconf 79' lang='grc' dir='ltr'><strong><em>λόγῳ,</em></strong></span> <span class='ocrx_word' id='word_1_306' title='bbox 1069 3861 1333 3923; x_wconf 87' lang='lat' dir='ltr'><strong>scientia</strong></span> <span class='ocrx_word' id='word_1_307' title='bbox 1371 3867 1581 3922; x_wconf 90' lang='lat' dir='ltr'><strong>autem</strong></span> <span class='ocrx_word' id='word_1_308' title='bbox 1618 3858 1839 3923; x_wconf 82' lang='lat' dir='ltr'><strong>eadem</strong></span> <span class='ocrx_word' id='word_1_309' title='bbox 1883 3869 1980 3924; x_wconf 87' lang='lat' dir='ltr'><strong>est</strong></span> <span class='ocrx_word' id='word_1_310' title='bbox 2012 3863 2492 3937; x_wconf 88' lang='lat' dir='ltr'><strong>contrariorum,</strong></span> <span class='ocrx_word' id='word_1_311' title='bbox 2538 3858 2618 3923; x_wconf 79' lang='lat' dir='ltr'><strong>cf.</strong></span> <span class='ocrx_word' id='word_1_312' title='bbox 2657 3856 2740 3923; x_wconf 85' lang='lat' dir='ltr'><strong>ad</strong></span> 
     </span>
     <span class='ocr_line' id='line_1_35' title="bbox 504 3960 2741 4051; baseline -0.001 -22"><span class='ocrx_word' id='word_1_313' title='bbox 504 3963 600 4029; x_wconf 62' lang='lat' dir='ltr'><strong>&#39;B</strong></span> <span class='ocrx_word' id='word_1_314' title='bbox 628 3964 690 4027; x_wconf 71' lang='lat'><strong>2.</strong></span> <span class='ocrx_word' id='word_1_315' title='bbox 721 3964 889 4027; x_wconf 69' lang='lat'>996⁶</span> <span class='ocrx_word' id='word_1_316' title='bbox 914 3964 1029 4039; x_wconf 72' lang='lat'><strong>203</strong></span> <span class='ocrx_word' id='word_1_317' title='bbox 1078 3983 1448 4048; x_wconf 87' lang='lat' dir='ltr'><strong>quamquam</strong></span> <span class='ocrx_word' id='word_1_318' title='bbox 1486 3983 1604 4047; x_wconf 90' lang='lat' dir='ltr'><strong>per</strong></span> <span class='ocrx_word' id='word_1_319' title='bbox 1638 3983 1710 4026; x_wconf 90' lang='lat' dir='ltr'><strong>se</strong></span> <span class='ocrx_word' id='word_1_320' title='bbox 1752 3961 2005 4048; x_wconf 88' lang='lat' dir='ltr'><strong>quidem</strong></span> <span class='ocrx_word' id='word_1_321' title='bbox 2043 3968 2306 4030; x_wconf 88' lang='lat' dir='ltr'><strong>scientia</strong></span> <span class='ocrx_word' id='word_1_322' title='bbox 2339 3966 2622 4051; x_wconf 88' lang='lat' dir='ltr'><strong>pertinet</strong></span> <span class='ocrx_word' id='word_1_323' title='bbox 2658 3960 2741 4027; x_wconf 87' lang='lat' dir='ltr'><strong>ad</strong></span> 
     </span>
     <span class='ocr_line' id='line_1_36' title="bbox 532 4059 2741 4155; baseline 0 -23"><span class='ocrx_word' id='word_1_324' title='bbox 532 4059 705 4141; x_wconf 77' lang='grc' dir='ltr'><strong><em>εἶδος</em></strong></span> <span class='ocrx_word' id='word_1_325' title='bbox 743 4065 976 4145; x_wconf 81' lang='grc' dir='ltr'><strong><em>(δηλοῖ</em></strong></span> <span class='ocrx_word' id='word_1_326' title='bbox 1012 4059 1088 4131; x_wconf 82' lang='grc' dir='ltr'><strong>τὸ</strong></span> <span class='ocrx_word' id='word_1_327' title='bbox 1124 4069 1402 4154; x_wconf 80' lang='grc' dir='ltr'><em>πρᾶγμα</em></span> <span class='ocrx_word' id='word_1_328' title='bbox 1437 4068 1542 4144; x_wconf 71' lang='grc' dir='ltr'><strong>ὃὸ,</strong></span> <span class='ocrx_word' id='word_1_329' title='bbox 1585 4067 1723 4131; x_wconf 76' lang='grc' dir='ltr'><strong><em>ἔστι</em></strong></span> <span class='ocrx_word' id='word_1_330' title='bbox 1758 4063 1818 4131; x_wconf 80' lang='grc' dir='ltr'><strong>δ’</strong></span> <span class='ocrx_word' id='word_1_331' title='bbox 1851 4063 1938 4143; x_wconf 76' lang='grc' dir='ltr'><strong>ὡς</strong></span> <span class='ocrx_word' id='word_1_332' title='bbox 1974 4071 2097 4134; x_wconf 76' lang='grc' dir='ltr'><strong>τοῦ</strong></span> <span class='ocrx_word' id='word_1_333' title='bbox 2125 4063 2536 4155; x_wconf 76' lang='grc' dir='ltr'><strong><em>ὑπάρχοντος</em></strong></span> <span class='ocrx_word' id='word_1_334' title='bbox 2570 4067 2741 4151; x_wconf 79' lang='grc' dir='ltr'><strong>μᾶλ-</strong></span> 
     </span>
     <span class='ocr_line' id='line_1_37' title="bbox 531 4164 2740 4258; baseline -0 -23"><span class='ocrx_word' id='word_1_335' title='bbox 531 4171 652 4236; x_wconf 75' lang='grc' dir='ltr'><strong>λον</strong></span> <span class='ocrx_word' id='word_1_336' title='bbox 689 4171 792 4248; x_wconf 72' lang='lat'><strong>⁶9,</strong></span> <span class='ocrx_word' id='word_1_337' title='bbox 838 4172 877 4234; x_wconf 89' lang='lat' dir='ltr'><strong>i.</strong></span> <span class='ocrx_word' id='word_1_338' title='bbox 910 4191 965 4235; x_wconf 88' lang='lat' dir='ltr'><strong>e.</strong></span> <span class='ocrx_word' id='word_1_339' title='bbox 1008 4170 1132 4235; x_wconf 85' lang='grc' dir='ltr'><strong>τοῦ</strong></span> <span class='ocrx_word' id='word_1_340' title='bbox 1172 4164 1563 4255; x_wconf 79' lang='grc' dir='ltr'><strong><em>πράγματος</em></strong></span> <span class='ocrx_word' id='word_1_341' title='bbox 1606 4172 1742 4234; x_wconf 84' lang='lat' dir='ltr'><strong>sive</strong></span> <span class='ocrx_word' id='word_1_342' title='bbox 1786 4172 1907 4235; x_wconf 84' lang='grc' dir='ltr'><strong>τοῦ</strong></span> <span class='ocrx_word' id='word_1_343' title='bbox 1950 4168 2159 4249; x_wconf 71' lang='grc' dir='ltr'><strong><em>εἴδους</em></strong></span> <span class='ocrx_word' id='word_1_344' title='bbox 2171 4179 2217 4253; x_wconf 87' lang='grc'><strong>),</strong></span> <span class='ocrx_word' id='word_1_345' title='bbox 2262 4170 2343 4237; x_wconf 85' lang='lat' dir='ltr'><strong>ad</strong></span> <span class='ocrx_word' id='word_1_346' title='bbox 2377 4174 2740 4258; x_wconf 83' lang='lat' dir='ltr'><strong>oppositam</strong></span> 
     </span>
     <span class='ocr_line' id='line_1_38' title="bbox 535 4272 2735 4361; baseline 0.001 -24"><span class='ocrx_word' id='word_1_347' title='bbox 535 4275 594 4337; x_wconf 89' lang='lat' dir='ltr'><strong>ei</strong></span> <span class='ocrx_word' id='word_1_348' title='bbox 637 4276 1061 4360; x_wconf 81' lang='lat' dir='ltr'><strong>privationem</strong></span> <span class='ocrx_word' id='word_1_349' title='bbox 1105 4276 1195 4338; x_wconf 88' lang='lat' dir='ltr'><strong>ita</strong></span> <span class='ocrx_word' id='word_1_350' title='bbox 1242 4283 1481 4338; x_wconf 88' lang='lat' dir='ltr'><strong>tantum</strong></span> <span class='ocrx_word' id='word_1_351' title='bbox 1525 4272 1803 4339; x_wconf 81' lang='lat' dir='ltr'><strong>refertur</strong></span> <span class='ocrx_word' id='word_1_352' title='bbox 1856 4295 1975 4360; x_wconf 90' lang='lat' dir='ltr'><strong>per</strong></span> <span class='ocrx_word' id='word_1_353' title='bbox 2027 4276 2350 4354; x_wconf 75' lang='lat' dir='ltr'><strong>accidenS‚</strong></span> <span class='ocrx_word' id='word_1_354' title='bbox 2408 4278 2552 4361; x_wconf 86' lang='lat' dir='ltr'><strong>quia</strong></span> <span class='ocrx_word' id='word_1_355' title='bbox 2598 4296 2735 4340; x_wconf 85' lang='lat' dir='ltr'><strong>cum</strong></span> 
     </span>
     <span class='ocr_line' id='line_1_39' title="bbox 534 4375 2737 4467; baseline 0.003 -26"><span class='ocrx_word' id='word_1_356' title='bbox 534 4376 960 4443; x_wconf 81' lang='lat' dir='ltr'><strong>affirmatione</strong></span> <span class='ocrx_word' id='word_1_357' title='bbox 1015 4376 1199 4442; x_wconf 88' lang='lat' dir='ltr'><strong>simul</strong></span> <span class='ocrx_word' id='word_1_358' title='bbox 1254 4380 1664 4466; x_wconf 81' lang='lat' dir='ltr'><strong>negationem</strong></span> <span class='ocrx_word' id='word_1_359' title='bbox 1715 4377 2166 4444; x_wconf 81' lang='lat' dir='ltr'><strong>circumscribit</strong></span> <span class='ocrx_word' id='word_1_360' title='bbox 2208 4375 2586 4467; x_wconf 78' lang='grc' dir='ltr'><strong><em>(ἀποφάσει</em></strong></span> <span class='ocrx_word' id='word_1_361' title='bbox 2628 4379 2737 4448; x_wconf 77' lang='grc' dir='ltr'><strong>καὶ</strong></span> 
     </span>
     <span class='ocr_line' id='line_1_40' title="bbox 533 4476 2736 4572; baseline 0.001 -25"><span class='ocrx_word' id='word_1_362' title='bbox 533 4476 858 4572; x_wconf 76' lang='grc' dir='ltr'><strong><em>ἀποφορᾷ</em></strong></span> <span class='ocrx_word' id='word_1_363' title='bbox 893 4482 1039 4560; x_wconf 74' lang='grc' dir='ltr'><strong>ὂ13,</strong></span> <span class='ocrx_word' id='word_1_364' title='bbox 1089 4482 1200 4561; x_wconf 83' lang='grc'><strong>15,</strong></span> <span class='ocrx_word' id='word_1_365' title='bbox 1254 4480 1333 4546; x_wconf 85' lang='lat' dir='ltr'><strong>cf.</strong></span> <span class='ocrx_word' id='word_1_366' title='bbox 1381 4482 1446 4547; x_wconf 92' lang='grc' dir='ltr'><strong><em>Ζ</em></strong></span> <span class='ocrx_word' id='word_1_367' title='bbox 1484 4483 1544 4550; x_wconf 86' lang='grc'><strong>7.</strong></span> <span class='ocrx_word' id='word_1_368' title='bbox 1593 4483 1797 4550; x_wconf 72' lang='lat'><strong>1⁰32⁶</strong></span> <span class='ocrx_word' id='word_1_369' title='bbox 1831 4483 1904 4549; x_wconf 80' lang='lat'><strong>2:</strong></span> <span class='ocrx_word' id='word_1_370' title='bbox 1961 4482 2092 4549; x_wconf 75' lang='grc' dir='ltr'><strong>τῶν</strong></span> <span class='ocrx_word' id='word_1_371' title='bbox 2135 4483 2450 4551; x_wconf 63' lang='grc' dir='ltr'><strong>ἐναντίων</strong></span> <span class='ocrx_word' id='word_1_372' title='bbox 2492 4477 2736 4572; x_wconf 74' lang='grc' dir='ltr'><strong><em>τρόπον</em></strong></span> 
     </span>
    </p>
   </div>
  </div>
 </body>
</html>
