3109 5175
592 340 732 416 160
1410 341 1484 412 Β
1532 338 1605 412 4.
1687 337 1876 415 1000
1889 361 1957 412 ο.

585 540 719 584 non
754 527 986 604 potest,
1031 539 1144 583 cur
1179 538 1256 581 ex
1289 518 1618 602 principiis
1656 519 1897 603 pariter
1939 518 2217 582 aeternis
2260 515 2455 581 modo
2496 527 2794 582 aeternae

584 644 686 687 res
731 625 1076 708 gignantur
1111 618 1308 685 modo
1339 620 1545 685 fluxae
1586 631 1651 685 et
1689 624 2101 700 intereuntes,
2133 621 2590 686 1223-100111
2616 623 2679 687 3.
2708 658 2794 675 --

584 725 869 793 Solvisse
924 724 1045 789 sibi
1097 723 1354 788 videtur
1409 726 1574 789 banc
1629 728 2064 810 quaestionem
2112 723 2491 790 Aristoteles
2550 746 2624 788 ea
2672 723 2794 789 dis-

583 832 936 917 putatione,
981 850 1143 915 quae
1189 830 1553 894 continetur
1597 827 1763 895 libro
1801 831 1895 907 A,
1940 828 2019 893 cf.
2064 832 2140 893 A
2174 831 2529 895 10.1075ὺ
2565 831 2666 894 13.
2711 829 2795 894 de

584 933 773 1000 coelo
819 934 909 998 111
957 936 1018 998 7.
1060 934 1230 997 3064
1266 935 1330 997 9.

719 1040 997 1104 100049
1033 1030 1335 1112 πάντες
1372 1029 1562 1102 ὅσοι
1598 1031 2021 1119 θεολόγοι.
2087 1033 2467 1124 Theologos
2504 1056 2666 1121 quos
2703 1036 2796 1101 di-

586 1152 689 1206 cat
732 1142 894 1207 infra
940 1144 1079 1226 ipse
1125 1138 1470 1227 significat,
1523 1160 1714 1225 quum
1760 1139 2020 1205 eosdem
2067 1138 2350 1227 appellat
2391 1133 2544 1217 τοὺς
2586 1141 2796 1224 μυθι-

582 1249 709 1322 κῶς
765 1244 1253 1334 σοφιζομένους.
1352 1244 1403 1307 li
1462 1244 1659 1330 igitur
1714 1242 2049 1308 Aristoteli
2105 1255 2253 1309 sunt
2310 1243 2632 1331 theologi,
2687 1246 2795 1329 qui

584 1352 1027 1434 antiquissimis
1085 1346 1477 1432 temporibus
1536 1357 1684 1411 ante
1745 1357 2027 1411 exortam
2077 1351 2277 1434 ipsam
2321 1346 2795 1434 philosophiam

583 1452 966 1519 carminibus
1013 1462 1436 1537 exposuerant
1486 1471 1650 1536 quae
1696 1450 1779 1515 de
1823 1472 2031 1515 rerum
2076 1462 2303 1517 natura
2347 1454 2678 1530 sentirent,
2728 1462 2797 1515 et

584 1557 849 1622 deorum
894 1560 1150 1621 numina
1192 1558 1613 1621 immiscentes
1654 1577 1863 1619 rerum
1898 1554 2275 1640 naturalium
2315 1557 2668 1643 cognitioni
2705 1554 2793 1618 fa·-

483 1670 492 1683 “
585 1659 872 1726 bularum
911 1660 1262 1726 involucris
1291 1662 1388 1724 usi
1421 1668 1620 1736 erant,
1664 1681 1798 1724 non
1844 1659 2216 1725 notionibus
2262 1670 2330 1727 et
2368 1661 2794 1723 ratiocinatio·

583 1765 788 1830 nibus.
851 1764 1138 1829 Eandem
1170 1764 1356 1829 huius
1388 1762 1685 1827 vocabuli
1716 1766 1842 1828 vim
1875 1784 2230 1851 cognosces
2260 1766 2336 1830 A
2360 1766 2420 1829 6.
2456 1764 2660 1828 10711»
2684 1764 2792 1826 27.

585 1870 688 1934 10.
728 1869 927 1933 10751·
952 1870 1058 1932 26.
1105 1870 1182 1934 N
1205 1870 1265 1932 4.
1299 1870 1510 1933 10914
1535 1870 1622 1932 34
1654 1867 1762 1946 (cf.
1794 1866 1874 1931 ad
1905 1868 1965 1932 h.
1996 1865 2087 1947 1.).
2132 1867 2409 1933 Meteor.
2439 1867 2497 1931 11
2533 1869 2590 1931 l.
2621 1868 2794 1932 353«

581 1972 689 2037 35.
749 1971 830 2035 cf.
870 1969 1080 2035 Ideler
1121 1971 1278 2036 Met.
1321 1972 1398 2035 11.
1442 1994 1505 2057 p.
1536 1971 1688 2037 582.

717 2076 926 2139 10004
953 2077 1036 2140 15
1081 2072 1276 2158 ὑπὲρ
1321 2072 1528 2158 ἡμᾶς
1566 2076 1609 2139 i.
1639 2096 1698 2139 e.
1735 2097 1920 2161 supra
1960 2074 2447 2161 intelligentiam
2485 2084 2789 2138 nostram.

582 2177 662 2242 cf.
707 2178 852 2242 Eth.
899 2179 981 2241 N.
1023 2178 1055 2242 1
1099 2180 1163 2242 2.
1215 2179 1422 2244 10954
1461 2181 1579 2244 25:
1635 2171 1789 2253 τοὺς
1843 2183 2014 2262 μέγα
2070 2201 2131 2242 τι
2188 2180 2301 2243 καὶ
2344 2175 2504 2261 ὑπὲρ
2549 2171 2793 2254 αὐτοὺς

580 2281 895 2363 λέγοντας
939 2277 1380 2364 θαυμάζουσι.
1468 2279 1772 2366 Exempla
1820 2284 1957 2346 eius
2001 2280 2344 2346 locutionis
2390 2279 2793 2369 collegerunt

580 2382 814 2448 Heind.
862 2394 927 2448 et
969 2383 1193 2448 Stallb.
1239 2384 1319 2449 ad
1368 2383 1530 2449 Plat.
1578 2385 1785 2449 Parm.
1828 2385 2035 2450 1281).

716 2490 924 2552 10004
948 2490 1036 2552 26
1075 2485 1623 2571 Ἐμπεδοκλῆς
1658 2524 1741 2540 --
1781 2481 2081 2553 ταύτὸν
2118 2488 2567 2553 πέπονθεν.
2634 2488 2790 2553 Non

579 2596 669 2656 ita
714 2602 1022 2678 aequatur
1060 2592 1485 2678 Empedocles
1525 2596 1619 2672 iis,
1664 2596 1771 2679 qui
1807 2595 1946 2658 sine
1980 2592 2213 2658 idonea
2249 2596 2504 2657 ratione
2540 2602 2605 2657 et
2640 2613 2792 2657 con-

580 2706 677 2761 tra
736 2685 1018 2762 omnem‘
1043 2700 1328 2761 veritatis
1384 2699 1660 2782 speciem
1721 2717 1797 2761 ex
1855 2694 2076 2761 iisdem
2133 2698 2463 2783 principiis
2514 2696 2679 2761 fluxa
2725 2707 2792 2762 et

582 2810 842 2865 aeterna
888 2798 1314 2880 deduxerunt,
1367 2809 1440 2864 ut
1485 2812 1550 2864 et
1593 2803 1730 2885 ipse
1777 2798 2026 2864 diversa
2071 2800 2231 2863 baec
2273 2821 2513 2888 genera
2559 2820 2636 2865 ex
2682 2821 2791 2864 eo·

580 2905 722 2970 dem
769 2905 953 2969 fonte
995 2908 1328 2992 repetiisse
1373 2904 1634 2982 dicatur,
1676 2903 1793 2968 sed
1838 2905 1928 2969 ita
1972 2915 2216 2969 tantum
2250 2915 2324 2968 ut
2357 2905 2420 2967 in
2462 2927 2557 2983 ea,
2602 2927 2788 2991 quam

579 3009 704 3073 sibi
751 3008 1013 3087 effinxit,
1056 3030 1265 3073 rerum
1309 3010 1731 3096 generatione
1774 3029 1898 3072 nec
1940 3007 2296 3073 rationibus
2338 3008 2592 3073 idoneis
2637 3030 2791 3074 usus

579 3133 720 3176 esse
765 3133 976 3197 neque
1021 3114 1361 3176 accessisse
1406 3110 1486 3176 ad
1533 3111 1601 3176 id
1646 3111 1821 3197 quod
1863 3121 2361 3177 consentaneum
2407 3115 2489 3176 sit
2534 3134 2791 3178 censea-

579 3224 699 3281 tur.
758 3214 970 3299 Quum
1019 3218 1184 3280 enim
1231 3213 1592 3281 intereundi
1632 3237 1885 3281 causam
1918 3237 2059 3280 esse
2082 3227 2291 3302 ponat
2319 3220 2531 3294 rixam,
2566 3211 2789 3281 'tamen

581 3317 846 3383 eandem
904 3318 1210 3385 adhibere
1269 3319 1465 3385 debet
1520 3318 1601 3384 ad
1645 3319 2046 3408 generandas
2093 3341 2313 3384 omnes
2357 3341 2460 3384 res
2506 3316 2625 3399 ἔξω
2671 3323 2791 3386 τοῦ

575 3419 740 3498 ἑνός,
779 3424 934 3500 428,
978 3426 1019 3487 i.
1051 3445 1108 3488 e.
1150 3435 1403 3509 praeter
1444 3424 1781 3510 sphaerum
1811 3427 1945 3489 sive
1984 3417 2386 3490 indiscretam
2423 3422 2597 3488 illam
2639 3447 2790 3511 qua-

579 3539 728 3593 tuor
757 3526 1214 3591 elemeutorum
1251 3531 1630 3607 mistionem,
1659 3549 1843 3614 quam
1877 3531 2063 3593 etiam
2101 3527 2287 3593 deum
2320 3527 2620 3613 appellat,
2650 3531 2789 3594 429

577 3630 695 3708 (cf.
728 3629 998 3696 Brundis
1032 3630 1264 3696 Gescb.
1298 3633 1345 3696 1.
1391 3656 1454 3718 p.
1489 3635 1619 3698 207
1635 3656 1688 3697 c.
1750 3630 1961 3696 Zeller
1988 3631 2101 3696 Ph.
2138 3630 2199 3695 d.
2232 3631 2349 3696 Gr.
2380 3632 2427 3696 Ι.
2459 3656 2522 3718 p.
2550 3634 2696 3712 179,
2722 3635 2789 3698 3.

582 3734 726 3811 180,
762 3737 869 3813 1);
915 3757 990 3798 ac
1032 3734 1320 3799 similiter
1362 3758 1541 3801 amor
1583 3757 1714 3800 non
1752 3739 1952 3823 magis
1987 3733 2339 3823 generandi
2375 3757 2558 3821 quam
2594 3741 2788 3802 inter-

579 3836 773 3901 eundi
805 3849 902 3901 est
936 3849 1176 3915 auctor,
1212 3839 1608 3903 aze—⁶12.
1679 3838 1945 3904 Accedit
1978 3838 2153 3925 quod
2192 3838 2500 3904 alternum
2538 3863 2613 3906 ex
2648 3844 2791 3905 uni·-

575 3949 708 4004 tate
750 3939 832 4004 ad
877 3939 1342 4007 multitudinem
1387 3944 1715 4006 transitum
1760 3962 1897 4006 non
1943 3964 2017 4008 ex
2062 3953 2233 4007 certa
2280 3965 2497 4022 causa,
2544 3944 2662 4010 sed
2710 3966 2786 4009 ex

576 4042 847 4108 obscura
891 4044 1161 4128 quadam
1205 4049 1587 4110 necessitate
1630 4049 1881 4131 repetit,
1920 4048 2270 4112 ῠ12-17,

712 4149 919 4211 10004
955 4149 1042 4213 29
1091 4146 1170 4227 ἐξ
1215 4139 1317 4214 ὧν
1359 4144 1615 4216 πάνθ’
1664 4183 1746 4199 -
1794 4147 2132 4216 ὀπίσσω.
2222 4149 2499 4216 Videtur
2543 4150 2790 4217 Aristo-

576 4249 737 4315 teles
779 4272 1003 4315 versus
1048 4252 1524 4337 Empedocleos
1571 4275 1607 4316 e
1648 4255 1953 4317 memoria
2010 4253 2298 4320 atmiisse
2356 4264 2422 4319 et
2464 4258 2531 4319 in
2574 4258 2787 4343 primo

574 4354 769 4418 verba
814 4353 1093 4441 paullum
1138 4359 1515 4421 immutasse.
1584 4357 1681 4422 Ex
1726 4355 2052 4442 Simplicio
2088 4357 2169 4422 ad
2202 4360 2393 4443 Phys.
2426 4382 2489 4445 p.
2526 4362 2624 4436 7⁶,
2662 4363 2787 4425 34⁸

575 4458 860 4526 editores
917 4458 1028 4524 alii
1084 4458 1270 4527 aliter
1325 4462 1463 4547 ipsa
1510 4459 1920 4546 Empedoclis
1970 4462 2168 4528 verba
2212 4465 2659 4544 restituerunt,
2716 4468 2789 4529 ἐκ
