3109 5175
551 355 650 430 24

557 541 919 600 contextum
964 531 1337 622 significavi,
1378 533 1679 619 quoniam
1727 529 2099 598 Aristoteles
2141 534 2278 619 ipse
2322 533 2588 598 seorsim
2629 535 2753 598 sin-

557 636 708 727 gula
748 659 1034 724 quaeque
1065 638 1460 724 perstringit;
1506 639 1661 723 quin
1696 639 1882 701 etiam
1919 658 1995 701 ea
2030 639 2225 702 utitur
2258 635 2554 701 formula:
2586 629 2754 719 μετὰ

556 744 767 807 ταῦτα
802 736 908 807 ὅτι
939 744 980 804 i.
1005 762 1059 805 e.
1094 734 1261 824 μετὰ
1294 741 1505 806 ταῦτα
1541 741 1749 824 λέγειν
1782 741 1880 806 δεῖ
1909 735 2013 806 ὅτι
2041 742 2131 820 (3.
2165 742 2368 806 1069&
2399 742 2505 805 35.
2544 741 2753 805 1⁰7⁰«

560 846 650 926 4),
697 865 772 908 ex
816 867 939 930 qua
984 854 1301 930 appareat,
1346 865 1487 908 eum
1523 843 1805 909 breviter
1838 848 2014 930 quasi
2045 848 2114 909 in
2150 846 2609 909 commentariis
2648 842 2756 909 de-

555 952 828 1037 signare,
873 969 1033 1033 quae
1076 950 1204 1012 sint
1249 945 1646 1034 exponenda,
1692 968 1901 1033 neque
1945 969 2102 1013 vero
2151 968 2490 1034 exponere.

690 1051 908 1117 Altera
966 1071 1121 1132 ,νει-0
1179 1050 1323 1115 libri
1379 1063 1590 1138 parte,
1645 1050 1814 1115 iacto
1861 1073 1896 1114 a
1941 1052 2226 1119 sensibili
2278 1051 2627 1116 substantia
2672 1049 2755 1115 ad

557 1156 967 1222 substantiam
1013 1165 1333 1220 aeternam
1381 1168 1445 1220 et
1471 1153 1853 1221 immobilem
1889 1159 2158 1222 transitu
2186 1158 2247 1220 6.
2285 1157 2484 1219 10711)
2517 1157 2577 1233 4,
2619 1176 2752 1220 uno

556 1258 920 1346 disputandi
980 1269 1206 1324 tenore
1264 1256 1563 1345 explicat,
1619 1281 1768 1346 esse(
1813 1281 2122 1324 summum
2168 1257 2484 1345 quoddam
2528 1261 2758 1345 princi-

556 1366 726 1448 pium
771 1384 1053 1440 movenS‚
1096 1366 1298 1448 ipsum
1343 1362 1695 1439 immobile;
1750 1361 2036 1449 illudque
2082 1384 2223 1428 esse
2266 1361 2538 1426 divinam
2585 1383 2754 1426 men-

556 1477 714 1544 tem,
767 1469 862 1531 sui
923 1468 1118 1552 ipsius
1164 1465 1708 1553 contemplatione
1752 1477 2146 1545 contentam,
2204 1475 2407 1530 actum
2464 1468 2751 1552 potentia

555 1572 910 1634 immunem.
984 1570 1194 1655 Atque
1238 1570 1561 1656 explicatis
1605 1575 1834 1657 mentis
1878 1570 2130 1636 divinae
2164 1569 2497 1635 virtutibus
2537 1578 2603 1633 et
2631 1590 2752 1654 qua

553 1677 803 1738 ratione
846 1693 1112 1738 movens
1158 1694 1231 1737 ea
1279 1677 1361 1738 sit
1404 1677 1801 1761 principium,
1846 1696 2147 1761 perversa
2193 1673 2580 1758 reliquorum
2620 1673 2757 1758 phi-

555 1776 975 1862 losophorum
1007 1775 1238 1863 placita
1261 1782 1671 1863 persequitur,
1701 1798 1862 1864 quae
1892 1777 2010 1842 hac
2039 1776 2327 1842 doctrina
2358 1776 2731 1842 refutentur.

685 1883 871 1946 Hanc
926 1879 1187 1945 alteram
1239 1878 1387 1945 libri
1432 1892 1674 1968 partem
1718 1892 1783 1946 et
1824 1886 2143 1968 pertinere
2188 1880 2268 1946 ad
2311 1884 2571 1967 primam
2617 1880 2753 1965 phi·

552 1984 912 2071 losophiam
973 1996 1036 2048 et
1096 2006 1169 2048 ex
1212 1987 1446 2049 intimo
1506 1990 1643 2050 eius
1687 2007 1941 2051 recessu
1987 1990 2244 2072 petitam
2292 2005 2460 2061 esse,
2520 1982 2754 2049 collata

553 2094 793 2176 primae
850 2089 1297 2177 philosophiae
1356 2087 1733 2155 definitione
1775 2091 1845 2154 E
1874 2092 1909 2154 1
1970 2100 2257 2177 appan-en
2313 2091 2490 2174 prior
2543 2099 2754 2156 autem

552 2192 698 2257 libri
756 2215 902 2280 pars
962 2195 1271 2280 physicae
1327 2196 1525 2281 magis
1588 2202 1686 2260 est
1738 2215 1926 2279 quam
1970 2194 2438 2279 metaphysicae
2483 2187 2756 2279 discipli-

550 2318 692 2361 nae.
781 2298 923 2362 Nec
974 2308 1187 2362 tamen
1230 2296 1451 2361 divelli
1498 2318 1634 2360 eam
1677 2317 1872 2382 posse
1916 2318 1949 2360 a
1997 2299 2358 2383 posteriore
2397 2295 2520 2361 sed
2558 2300 2758 2361 intro·

553 2398 877 2465 ductionis
921 2400 1071 2466 loco
1110 2404 1537 2487 praepositam
1574 2421 1731 2478 esse,
1776 2411 1844 2465 ut
1873 2423 1909 2464 a
1940 2402 2202 2487 physica
2235 2399 2526 2465 doctrina
2556 2412 2758 2466 traus-

551 2515 734 2568 eatur
792 2504 873 2568 ad
932 2508 1288 2592 oppositam
1349 2508 1406 2568 ei
1464 2513 1533 2568 et
1578 2503 1839 2569 eandem
1885 2511 2274 2592 superiorem
2317 2508 2576 2593 primam
2622 2506 2760 2593 phi-

549 2607 929 2694 losophiam,
976 2609 1159 2674 facile
1207 2631 1561 2697 cognoscas
1609 2613 1659 2674 si
1695 2608 2040 2674 contuleris
2077 2614 2135 2675 1.
2174 2613 2373 2675 10691»
2409 2612 2472 2673 l:
2517 2614 2758 2675 ἐκεῖναι

547 2714 669 2797 μὲν
707 2710 789 2792 δὴ
830 2715 1110 2802 φυσικῆς
1154 2709 1346 2796 (μετὰ
1383 2709 1692 2794 κινήσεως
1730 2709 1906 2799 γάρ),
1951 2708 2118 2793 αὕτη
2156 2710 2210 2779 δ’
2255 2716 2493 2799 ἑτέρας,
2537 2717 2594 2779 ei
2628 2738 2755 2797 μη-

552 2816 746 2899 δεμία
791 2813 1018 2890 αὐτοῖς
1048 2811 1217 2901 ἀρχὴ
1246 2813 1432 2898 κοινή
1469 2841 1610 2884 cum
1648 2822 1710 2883 6.
1751 2820 1872 2883 107
1887 2821 1949 2882 lb
1980 2820 2050 2883 3:
2096 2819 2230 2882 ἐπεὶ
2275 2814 2333 2882 δ’
2375 2806 2550 2897 ἦσαν
2586 2826 2760 2899 τρεῖς

551 2916 789 2996 οὐσίαι,
835 2915 954 2985 δύο
997 2921 1118 3003 μὲν
1163 2924 1232 2985 αἱ
1281 2927 1571 3009 φυσικαί,
1613 2926 1736 3006 μία
1782 2919 1840 2986 δ’
1879 2918 1921 3001 ἡ
1967 2919 2292 3000 ἀκίνητος,
2335 2923 2482 3005 περὶ
2515 2916 2758 3000 ταύτης

549 3023 811 3091 λεκτέον
855 3023 991 3087 κτλ.
1065 3024 1151 3086 Et
1194 3027 1473 3109 priorem
1517 3025 1769 3108 quidem
1814 3025 1957 3089 libri
2001 3034 2242 3110 partem
2283 3021 2602 3089 levissime
2648 3023 2758 3089 ad-

548 3127 879 3204 umbravit,
922 3129 1056 3191 sive
1101 3138 1327 3212 postea
1357 3127 1614 3192 uberius
1644 3126 1864 3192 eadem
1897 3138 2282 3215 pertractare
2311 3130 2376 3191 in
2408 3130 2618 3192 animo
2651 3127 2758 3191 ha-

551 3229 702 3307 buit,
749 3233 884 3294 sive
909 3234 1063 3294 satis
1086 3230 1306 3297 habuit
1330 3234 1397 3295 iu
1422 3234 1789 3296 memoriam
1816 3231 2178 3320 legentibus
2208 3250 2563 3309 revocasse,
2592 3253 2758 3316 quae

548 3336 872 3397 maximam
918 3346 1162 3419 partem
1208 3339 1275 3399 in
1320 3335 1601 3420 physicis
1645 3334 1903 3401 uberius
1948 3347 2163 3400 essent
2209 3332 2545 3419 explicata3
2602 3334 2758 3400 alte-

544 3458 676 3499 ram
722 3446 878 3501 vero
926 3451 1191 3524 partem,
1237 3442 1357 3503 nisi
1404 3438 1570 3505 forte
1617 3439 2005 3504 Platonicam
2050 3443 2117 3503 in
2162 3437 2504 3503 Aristotele
2547 3442 2762 3526 requi-

543 3542 632 3604 ris
681 3553 910 3618 artem,
965 3546 1118 3608 satis
1164 3542 1354 3630 plane
1403 3553 1469 3606 et
1510 3547 1774 3629 copiose
1819 3543 2187 3609 elaboravit.
2278 3541 2599 3607 Habemus
2642 3545 2757 3630 igi-

547 3654 650 3708 tur
692 3665 861 3731 opus
907 3645 1077 3711 haud
1121 3647 1314 3712 dubie
1348 3649 1864 3733 metaphysicum,
1905 3645 2023 3711 sed
2054 3666 2185 3732 quo
2217 3643 2283 3710 id
2314 3645 2572 3710 vinculo
2604 3668 2759 3712 con-

547 3750 829 3811 iunctum
887 3751 971 3812 sit
1014 3771 1154 3812 cum
1199 3754 1536 3834 superiore
1596 3750 2024 3836 disputatione
2081 3772 2197 3836 per
2252 3760 2494 3836 septem
2554 3750 2756 3817 libros

551 3853 916 3915 continuata
963 3851 1192 3916 frustra
1238 3874 1519 3938 quaeras.
1593 3852 1736 3917 Illic
1781 3857 1944 3918 enim
1991 3876 2156 3940 quae
2200 3863 2349 3918 sunt
2389 3852 2757 3942 disceptata,

549 3952 676 4015 hoc
719 3952 886 4017 libro
932 3974 1016 4037 ne
1060 3954 1259 4019 semel
1302 3953 1553 4041 quidem
1585 3959 2026 4043 respiciuntur.
2100 3957 2472 4024 Brandisius
2502 3958 2758 4044 quidem

552 4076 715 4141 quae
762 4068 989 4143 quarto
1037 4061 1245 4143 capite
1289 4059 1435 4124 libri
1465 4061 1540 4125 Λ
1588 4074 1993 4148 exponuntur
2024 4063 2243 4127 referri
2282 4060 2756 4148 quodammodo

551 4170 772 4224 censet
816 4160 897 4224 ad
942 4165 1347 4246 quaestiones
1392 4163 1557 4229 libro
1602 4163 1670 4229 B
1714 4173 2079 4253 propositas
2108 4169 2203 4249 ¹);
2260 4165 2373 4231 sed
2434 4187 2560 4254 ego
2620 4171 2759 4253 qui-

656 4315 721 4383 1)
767 4320 979 4372 Eudlicli
1017 4321 1144 4372 wird
1182 4325 1494 4385 unte-rsucht,
1536 4324 1590 4375 in
1624 4324 1832 4377 wiefern
1868 4328 2049 4377 andere
2086 4326 2341 4378 Ursachcn
2386 4328 2489 4378 und
2524 4325 2756 4397 Principe

544 4407 626 4456 ssu·
661 4407 902 4467 Andems,
939 4406 988 4458 in
1026 4407 1233 4459 wiesern
1269 4408 1519 4462 diesclben
1553 4412 1635 4462 fiir
1673 4413 1804 4463 Alles
1841 4413 2188 4464 anzunehmcn
2225 4409 2414 4480 (cml),
2449 4412 2586 4464 nicht
2622 4414 2755 4466 ohne

545 4490 1019 4560 Beriicbiclntigung
1057 4494 1146 4545 der
1182 4496 1407 4567 Aporien
1441 4497 1529 4549 des
1566 4497 1767 4550 Buches
1805 4500 1870 4553 B.
1907 4500 1939 4550 l.
1976 4500 2008 4549 l.
2044 4519 2095 4568 p.
2132 4512 2210 4552 80.
