3109 5175
1131 395 1208 462 Z
1250 390 1320 463 6.
1403 388 1670 463 10310.
2359 388 2502 462 315

295 566 570 654 ἡμίσεος
609 565 884 652 ἡμίσεος
928 560 1295 633 διπλάσιον.
1383 567 1496 631 καὶ
1542 561 1742 631 πάλιν
1786 560 1872 630 ἂν
1914 563 2065 630 ἀντὶ
2108 564 2228 630 τοῦ
2270 561 2505 630 διπλά-

295 694 446 740 σιον
490 667 840 737 διπλάσιον
885 668 1156 754 ἡμίσεος
1203 672 1385 761 τεθῇ,
1427 672 1570 758 τρὶς
1612 670 1797 735 ἔσται
1835 672 2191 755 εἰρημένον,
2236 665 2509 752 ἡμίσεος

297 775 574 862 ἡμίσεος
631 773 899 859 ἡμίσεος
956 769 1320 841 διπλάσιον.
1377 776 1528 839 κτλ»
1571 812 1659 824 —-
1714 773 1937 858 Itaque
1996 776 2292 859 quoniam
2352 771 2509 837 defi-

295 879 538 946 niendo
583 882 652 944 in
694 877 1009 943 infinitum
1047 878 1324 958 ferimur,
1367 871 1453 943 τοὶ
1496 875 1555 942 δ’
1595 871 1837 963 ἄπειρα
1881 874 1998 942 οὐκ
2041 878 2175 944 ἔστι
2217 915 2297 929 -
2342 873 2509 956 διεξ-

295 985 529 1050 ελθεῖν
574 1007 623 1047 α
665 985 727 1047 2.
774 985 935 1048 994⁶
974 985 1090 1061 30,
1146 1003 1281 1046 non
1341 993 1438 1047 est
1496 983 1756 1045 omnino
1812 976 2087 1065 ὁρισμός
2129 982 2379 1056 talium,
2437 986 2509 1047 ἐν

299 1080 400 1163 οἷς
457 1086 807 1170 συμβαίνει
862 1086 963 1162 δὶς
1005 1079 1082 1151 τὸ
1129 1082 1293 1150 αὐτὸ
1338 1087 1545 1166 λέγειν
1582 1087 1703 1164 ⁰5,
1760 1085 1841 1149 cf.
1889 1086 2092 1150 1⁰:301>
2131 1088 2238 1151 32.
2330 1086 2507 1171 Quin

297 1195 488 1256 etiam
533 1193 589 1254 si
637 1188 949 1254 eiusmodi
991 1188 1356 1275 praedicata
1409 1211 1547 1253 cum
1594 1192 1670 1253 iis
1718 1191 2150 1269 coniunxeris‚
2206 1213 2368 1277 quae
2413 1211 2509 1256 re·

297 1298 584 1380 quirunt,
632 1291 964 1372 subiectiS,
1008 1293 1208 1358 veluti
1252 1291 1549 1377 ἀριθμὸς
1593 1288 1907 1379 περιττός,
1950 1315 2035 1358 ne
2079 1306 2207 1358 tum
2256 1293 2508 1380 quidem

298 1419 525 1464 eorum
585 1391 859 1480 ὁρισμός
914 1404 1133 1482 potest
1188 1418 1355 1475 esse,
1411 1390 1586 1460 ἀλλὰ
1641 1393 1972 1462 λανθάνει
2016 1392 2120 1463 ὅτι
2165 1393 2283 1461 οὐκ
2326 1395 2512 1482 ἀκρι-

297 1503 433 1586 βῶς
478 1503 782 1584 λέγονται
825 1503 890 1563 οἱ
926 1494 1114 1583 λόγοι
1145 1503 1256 1578 ⁶7,
1302 1500 1428 1566 boc
1469 1511 1581 1579 est,
1626 1505 1678 1565 si
1719 1511 1895 1566 recte
1932 1499 2302 1587 philosophi
2338 1521 2512 1565 men-

296 1619 425 1672 tem
469 1605 805 1693 perspicio,
852 1624 986 1667 non
1030 1608 1184 1669 satis
1228 1614 1521 1670 accurate
1568 1603 1919 1683 definimus,
1964 1608 2018 1668 si
2057 1601 2361 1690 ἀριθμὸν
2396 1627 2510 1670 πε-

298 1705 524 1797 ριττόν
570 1707 840 1773 definire
886 1710 1288 1793 suscipimus,
1346 1714 1491 1794 quia
1546 1712 1610 1772 in
1656 1709 1935 1793 περιττῷ
1977 1711 2100 1772 iam
2145 1712 2513 1774 continetur

298 1816 486 1880 notio
522 1814 785 1877 numeri.
816 1848 904 1861 -·-
944 1814 1036 1877 ³3
1081 1813 1200 1877 τοῦ
1243 1813 1487 1878 ποιοῦ
1529 1813 1641 1877 καὶ
1678 1813 2001 1898 περιττοῦ.
2069 1814 2195 1877 Pro
2228 1835 2286 1877 v.
2317 1814 2513 1878 ποιοῦ

301 1915 706 1982 scribendum
749 1918 1039 2001 suspicor
1083 1913 1408 1999 ἀρτίου,
1465 1917 1608 2000 quia
1669 1914 1980 1980 eiusmodi
2026 1916 2371 1980 accidentis
2414 1939 2515 1981 re-

300 2024 572 2107 quiritur
616 2022 872 2097 mentio,
920 2018 1094 2105 quod
1142 2021 1346 2084 certi
1392 2017 1714 2082 cuiusdam
1750 2019 2021 2083 subiecti
2057 2019 2514 2105 complectatur

300 2127 665 2198 notionem3
727 2123 901 2207 quod
959 2123 1212 2209 quidem
1266 2121 1614 2187 subiectum
1665 2144 1851 2207 quum
1899 2121 2070 2186 dicat
2114 2143 2253 2186 esse
2301 2144 2513 2186 nume-

277 2251 470 2309 ·rum,
529 2224 608 2292 οὐ
663 2221 791 2312 γὰρ
850 2225 1007 2291 ἄνευ
1051 2223 1380 2310 ἀριθμοῦ,
1437 2224 1774 2311 probabile
1830 2235 1929 2291 est
1984 2248 2125 2290 eum
2184 2229 2513 2312 scripsisse

303 2333 424 2397 τοῦ
467 2327 703 2417 ἀρτίου
744 2331 856 2395 καὶ
900 2330 1221 2416 περιττοῦ.
1271 2367 1350 2380 --
1400 2331 1536 2393 alo
1583 2326 1702 2394 ὡδὶ
1743 2331 1894 2414 μέν,
1949 2332 1990 2394 i.
2031 2351 2085 2395 e.
2132 2327 2358 2407 ἁπλῶς
2399 2334 2515 2398 καὶ

302 2431 591 2520 πρώτως.
672 2436 802 2498 «11
854 2431 973 2498 ὡδὶ
1016 2430 1104 2512 δ’,
1148 2439 1188 2499 i.
1222 2456 1275 2498 e.
1323 2430 1403 2499 οὐ
1445 2428 1729 2520 πρώτως,
1774 2434 1852 2498 cf.
1902 2436 1962 2499 4.
2010 2435 2212 2500 1030⁶
2248 2437 2311 2500 5.

1193 2696 1422 2772 CAP.
1492 2696 1623 2771 VI.

445 2841 806 2920 Quaeritur
846 2850 1064 2907 ulrum
1106 2841 1279 2906 idem
1324 2864 1411 2905 ωε
1455 2840 1784 2906 diversum
1824 2843 1912 2906 sit
1948 2864 2057 2907 res
2094 2841 2415 2928 quaelibet
2450 2857 2515 2910 et

304 2949 447 3012 eim
492 2948 557 3011 τί
601 2933 685 3024 ἦν
731 2940 926 3021 εἶναι,
983 2956 1046 3012 et
1102 2950 1170 3011 in
1229 2945 1614 3010 substantii-3
1658 2946 1916 3032 quidem
1957 2956 2300 3034 maique
2340 2949 2515 3013 idem

307 3074 450 3116 esce
493 3052 820 3116 statuitur.
1573 3073 1577 3078 ·

442 3172 651 3236 1⁰:310
688 3171 770 3233 15
817 3162 1167 3249 πότερον
1218 3205 1298 3218 -
1348 3169 1434 3233 18
1480 3166 1740 3234 οὐσία.
1819 3170 2006 3254 Quae
2042 3174 2248 3257 capite
2286 3181 2512 3256 quarto

309 3272 389 3337 de
432 3273 527 3356 τῷ
571 3293 683 3351 τηε
731 3271 1103 3357 disputavit,
1162 3292 1237 3335 ea
1296 3275 1447 3336 satis
1492 3293 1697 3358 prope
1743 3274 2049 3340 accedere
2092 3274 2389 3339 videntur
2433 3274 2514 3339 ad

308 3376 702 3443 Platonicam
762 3374 844 3439 de
899 3373 1059 3438 ideis
1119 3373 1489 3439 doctrinam.
1584 3378 1833 3442 Etenim
1890 3390 1953 3443 et
1993 3378 2179 3442 Plato
2226 3378 2517 3443 substan-

310 3484 458 3546 tiam
513 3502 725 3545 rerum
780 3499 915 3543 non
964 3480 1029 3541 in
1077 3477 1362 3542 sensibili
1407 3500 1619 3543 earum
1665 3483 1924 3545 materia
1972 3480 2084 3546 sed
2132 3485 2199 3545 in
2244 3485 2516 3547 notione

309 3587 574 3651 formam
621 3605 828 3649 rerum
874 3585 1303 3646 constituente
1349 3584 1561 3646 inesse
1606 3588 1867 3662 censuit,
1916 3595 1979 3649 et
2025 3583 2401 3649 Aristoteles
2446 3588 2515 3650 in

309 3692 400 3773 τῷ
443 3713 586 3768 τηε,
644 3710 807 3775 quae
853 3697 920 3752 et
960 3689 1100 3773 ipsa
1146 3698 1242 3750 est
1288 3686 1644 3773 cogitabilis
1691 3691 1783 3752 rei
1827 3689 2059 3767 forma,
2111 3697 2396 3751 naturam
2443 3709 2519 3753 ac

312 3793 722 3857 substantiam
781 3794 874 3856 rei
929 3793 1322 3878 potissimum
1383 3795 1555 3855 cerni
1614 3794 1766 3858 vult.
1859 3793 1987 3858 Sed
2048 3814 2234 3879 quum
2294 3794 2360 3856 in
2418 3792 2517 3858 bis

314 3899 731 3974 consentiant,
783 3895 914 3960 duo
958 3906 1168 3959 tamen
1214 3894 1619 3961 intercedunt
1663 3919 1863 3984 eaque
1907 3896 2075 3962 haud
2123 3899 2346 3985 exigua
2393 3895 2520 3962 dis-

314 4003 569 4065 crimina
628 4004 796 4065 inter
849 3998 1026 4064 ideas
1070 3999 1432 4064 Platonicas
1491 4011 1556 4065 et
1612 3995 1699 4066 τὰ
1754 4025 1866 4082 τηε
1913 4000 2300 4066 Aristotelis:
2363 4000 2520 4067 alte-

311 4124 463 4184 rum,
508 4102 685 4191 quod
727 4103 914 4169 ideae
951 4125 1190 4169 summa
1226 4113 1516 4190 spectant
1551 4126 1755 4170 rerum
1793 4127 2049 4195 genera,
2094 4098 2178 4169 τὰ
2212 4128 2325 4184 τηε
2358 4127 2516 4170 vero

312 4210 582 4294 ipsarum
626 4229 836 4272 rerum
870 4206 1254 4295 singularum
1286 4209 1550 4273 formam
1584 4212 1995 4287 constituunt,
2040 4208 2205 4273 infra
2233 4212 2301 4273 in
2333 4230 2519 4292 quae-

314 4315 580 4377 stionem
627 4315 834 4387 venit;
892 4310 1186 4391 alterum,
1246 4312 1419 4398 quod
1477 4312 1658 4377 ideae
1719 4312 2070 4378 disiunctae
2123 4323 2271 4378 sunt
2316 4311 2393 4375 ab
2441 4315 2517 4376 iis

312 4416 500 4483 rebus
549 4438 807 4503 quarum
855 4418 1242 4480 constituant
1272 4424 1565 4502 naturam·
1605 4416 1719 4494 (cf.
1752 4418 1823 4480 A
1850 4419 1912 4480 6.
1944 4418 2104 4481 987⁶
2129 4417 2232 4495 8),
2275 4408 2359 4480 τὰ
2403 4438 2517 4495 τηε

312 4541 466 4587 vero
512 4524 578 4586 in
623 4521 719 4585 bis
763 4522 918 4605 ipsis
962 4522 1192 4596 insunt,
1241 4538 1409 4582 nunc
1452 4539 1777 4603 exponere
1822 4521 2101 4604 suscipit.
