3109 5175
1199 418 1250 465 α
1295 392 1368 465 2.
1442 392 1670 466 994ὁ.
1714 442 1727 449 -
2394 393 2528 469 133

325 585 469 644 nus,
511 564 686 652 quod
719 569 843 631 viri
881 588 917 631 e
952 589 1158 653 puero
1196 568 1624 635 adolescentis
1662 568 1950 655 exemplo
1988 569 2365 635 illustratum
2402 580 2527 649 est;

328 672 396 733 in
443 690 524 734 eo
570 680 776 735 autem
822 692 1062 757 genere
1105 683 1254 759 apte
1297 695 1373 736 ac
1416 676 1677 758 proprie
1710 672 1959 738 dicitur:
2006 670 2087 739 οὐ
2128 675 2417 756 γίγνεται
2458 676 2528 736 ἐκ

323 774 448 851 τῆς
488 777 795 855 γενέσεως
836 769 915 838 τὸ
959 770 1346 857 γιγνόμενον
1387 779 1469 853 (i.
1501 798 1557 839 e.
1603 779 1687 840 ita
1726 786 1797 841 ut
1832 796 1906 839 ex
1941 778 2076 860 ipsa
2111 777 2527 863 generatione

323 879 484 940 novi
529 876 680 962 quid
724 876 1065 962 prodeat),
1111 872 1283 942 ἀλλὰ
1329 881 1479 955 (int.
1524 880 1861 962 γίγνεται)
1905 872 2070 961 μετὰ
2114 872 2236 956 τὴν
2278 881 2527 960 γένεσιν

325 978 385 1043 h.
422 1001 478 1043 e.
525 984 593 1042 ἐκ
633 983 751 1045 τοῦ
787 975 914 1059 ἤδη
951 975 1301 1063 γεγονότος
1333 982 1506 1046 Alex.
1543 1005 1606 1067 p.
1643 984 1785 1060 116,
1814 983 1920 1045 22.
1996 980 2125 1045 Sed
2171 977 2317 1045 ἀλλ’
2356 982 2531 1067 ἔστιι

321 1074 491 1164 μετά
530 1076 652 1161 τὴν
693 1086 945 1165 γένεσιν
988 1105 1120 1151 non
1159 1097 1379 1170 potest
1422 1084 1501 1148 ad
1549 1082 2062 1172 distinguendum
2107 1084 2233 1148 hoc
2275 1085 2527 1172 potissi-

322 1206 491 1249 mum
537 1207 742 1272 genus
787 1186 1037 1265 referri,
1095 1191 1392 1274 quoniam
1453 1209 1632 1252 esse
1676 1186 1926 1273 quidem
1972 1196 2123 1272 post
2164 1188 2526 1275 generatio-

321 1309 466 1353 nem
515 1291 578 1352 in
626 1300 896 1375 utroque
941 1312 1181 1378 genere
1227 1302 1398 1358 recte
1444 1291 1676 1359 dicitur
1719 1291 1786 1355 id
1832 1289 2005 1376 quod
2052 1290 2283 1354 factum
2332 1299 2446 1352 est.

455 1394 619 1459 9941»
659 1395 702 1456 6
747 1388 913 1477 ἅμα
958 1394 1041 1459 δὲ
1085 1398 1348 1461 καὶ-
1393 1398 1435 1460 9
1479 1392 1758 1461 ἀΐδιον
1818 1390 2047 1458 εἶναι.
2140 1391 2332 1456 Falso
2379 1389 2525 1455 Ale-

320 1493 563 1559 xander
606 1494 686 1558 ab
733 1496 828 1560 bis
873 1496 1025 1561 inde
1073 1498 1297 1577 verbiS,
1350 1498 1530 1562 finita
1576 1495 1915 1563 universali
1959 1498 2524 1584 argumentatione,

319 1597 573 1686 singula
618 1608 802 1684 putat
844 1605 1213 1685 pertractari
1257 1623 1496 1691 genera
1543 1622 1900 1677 causarum,
1959 1611 2025 1664 et
2080 1602 2344 1685 primum
2390 1599 2525 1680 qui-

320 1700 466 1765 dem
525 1702 937 1781 materialem,
969 1725 1236 1771 causam.
1327 1707 1478 1773 Non
1537 1726 1766 1769 novam
1825 1703 2021 1768 ordiri
2078 1701 2522 1787 disputationis

317 1815 580 1890 partem,
623 1805 737 1870 sed
779 1809 1083 1872 artissime
1121 1809 1278 1873 haec
1312 1807 1710 1873 adnectenda
1745 1828 1885 1871 esse
1918 1804 2350 1892 superioribus
2382 1825 2525 1867 ver·

320 1907 450 1987 bis,
509 1907 613 1972 vel
659 1930 733 1972 ex
779 1909 1086 1995 particula
1132 1906 1275 1995 ἅμα
1330 1910 1646 1998 intelligas
1692 1931 1813 1994 qua
1860 1912 2257 1974 enunciatum
2304 1909 2525 1990 incipi-

319 2018 441 2074 tur.
521 2012 828 2077 Nimirum
866 2035 1058 2079 unum
1095 2016 1528 2102 generationis
1566 2033 1771 2100 genus
1809 2048 1895 2059 —
1930 2010 2103 2096 quod
2149 2008 2298 2073 alibi
2341 2006 2522 2087 ἁπλῆ

318 2117 568 2198 γένεσις
599 2116 958 2202 appellatur
992 2154 1074 2167 —-
1107 2117 1170 2182 id
1206 2119 1436 2204 posuit,
1480 2119 1546 2179 in
1582 2135 1712 2201 quo
1747 2113 2013 2180 aiterum
2048 2113 2127 2178 fit
2162 2115 2520 2177 intereunte

319 2216 558 2295 alter03
616 2241 752 2284 eam
804 2242 1050 2287 sursum
1096 2217 1460 2285 ascendenti
1504 2240 1638 2284 non
1682 2228 1901 2304 patere
1944 2219 2011 2281 in
2054 2215 2367 2283 infinitum
2412 2234 2521 2278 an-

319 2331 421 2386 tea
471 2343 773 2408 ea,·quae
817 2323 900 2388 ad
945 2328 1156 2388 omnia
1204 2345 1527 2389 causarum
1573 2343 1809 2410 genera
1856 2323 2229 2407 pertineret,
2270 2318 2521 2384 ratione

319 2423 867 2491 demonstraverat
902 2430 1134 2493 4111-
1157 2430 1268 2505 19;
1316 2426 1467 2490 inde
1509 2430 1634 2490 iam
1676 2423 1999 2490 concludit
2034 2427 2292 2510 primam
2328 2442 2520 2509 gene·

319 2531 585 2594 rationis
628 2534 951 2596 materiam
995 2552 1130 2597 non
1176 2552 1367 2618 posse
1411 2532 1671 2595 interire
1715 2549 1907 2615 quum
1954 2526 2101 2614 quid
2152 2549 2223 2592 ex
2271 2548 2346 2591 ea
2389 2525 2520 2604 fiat,

318 2654 528 2719 neque
573 2633 654 2698 ad
701 2656 836 2699 eam
883 2635 1132 2700 extendi
1178 2656 1369 2720 posse
1403 2656 1539 2699 eam
1580 2635 1911 2698 notionem
1948 2632 2403 2719 generationis,
2446 2650 2518 2692 ex

320 2760 444 2821 qua
490 2736 751 2803 aiterum
796 2737 937 2804 fieri
984 2738 1228 2804 dixerat
1270 2736 1691 2802 intercidente
1737 2735 1959 2801 altero.
1997 2771 2082 2784 -
2129 2736 2304 2798 Haec
2346 2730 2521 2795 vide-

321 2849 424 2905 tur
470 2852 642 2905 certe
687 2845 1012 2928 scriptoris
1056 2863 1198 2906 esse
1241 2842 1583 2916 sententia,
1641 2862 2010 2925 quamquam
2070 2860 2207 2903 eam
2263 2835 2370 2901 vel
2412 2857 2520 2899 ne-

321 2947 598 3008 cessario
645 2944 724 3011 ad
760 2946 939 3024 hanc,
983 2948 1048 3012 in
1089 2968 1209 3032 qua
1246 2966 1418 3012 nunc
1448 2952 1754 3020 versatur,
1795 2945 2343 3008 ratiocinationem
2377 2959 2520 3024 per-

320 3051 554 3126 tinere,
608 3046 714 3112 vel
758 3052 1120 3115 necessario
1173 3070 1248 3113 ex
1290 3051 1444 3135 ipsis
1487 3046 1702 3112 verbis
1751 3050 1949 3135 repeti
1992 3066 2123 3112 non
2172 3040 2519 3108 contende·

194 3196 203 3204 ·
319 3154 468 3226 rim3
511 3154 646 3236 ipsa
693 3156 860 3217 enim
903 3152 1101 3217 verba
1146 3152 1487 3218 videantur
1530 3154 1799 3238 cuipiam
1834 3156 1899 3216 in
1939 3148 2176 3215 circulo
2215 3143 2473 3211 versari.

453 3254 614 3318 9941»
649 3257 692 3320 9
738 3257 855 3320 ἔτι
899 3255 981 3320 δὲ
1026 3250 1113 3320 τὸ
1160 3245 1250 3320 οὗ
1293 3290 1380 3302 -
1429 3258 1512 3320 16
1564 3258 1816 3339 πέρας
1871 3255 2111 3318 ἐστίν.
2201 3253 2275 3315 In
2331 3267 2519 3312 causa

319 3355 512 3420 finali·
544 3377 674 3420 non
723 3357 965 3424 admitti
1009 3356 1470 3445 progrediendi
1516 3357 1596 3421 ab
1643 3355 1845 3422 altero
1893 3356 1973 3421 ad
2013 3355 2275 3421 alterum
2309 3350 2519 3416 infini-

320 3472 529 3537 tatem,
576 3482 651 3523 ex
695 3463 832 3546 ipsa
879 3465 1016 3526 eius
1058 3465 1328 3529 notione
1373 3460 1770 3525 manifestum
1816 3470 1931 3524 est.
2005 3459 2214 3545 Quam
2261 3459 2366 3542 qui
2412 3452 2519 3517 ad-

320 3566 482 3628 mitti
527 3562 781 3640 volunt,
824 3568 869 3630 ii
917 3564 1153 3630 tollunt
1197 3567 1456 3630 omnino
1501 3562 1757 3628 finalem
1804 3585 2051 3628 causam
2096 3565 2259 3639 sive,
2312 3568 2384 3623 ut
2428 3559 2519 3620 ait

319 3669 617 3752 scriptor,
674 3661 796 3745 τὴν
851 3668 972 3735 τοῦ
1021 3664 1297 3751 ἀγαθοῦ
1340 3662 1542 3754 φύσιν
1578 3669 1736 3745 ὁ13,
1794 3670 1939 3752 quia
1982 3661 2060 3730 τὸ
2103 3657 2377 3748 ἀγαθόν
2422 3669 2519 3730 est

319 3772 505 3847 τέλος
547 3767 709 3834 καθ’
748 3766 931 3850 αὑτό,
977 3770 1057 3836 cf.
1102 3770 1182 3835 ad
1214 3771 1284 3835 A
1314 3773 1377 3835 3.
1408 3772 1577 3836 983⁶
1602 3773 1707 3836 32.
1776 3771 1919 3835 Nec
1961 3773 2311 3855 susciperet
2353 3768 2518 3850 quis-

321 3895 505 3959 quam
550 3894 743 3961 agere
787 3874 1155 3961 quidquam,
1210 3877 1331 3939 nisi
1387 3872 1582 3939 finem
1627 3885 2058 3952 assecuturuS,
2111 3868 2247 3938 οὐδ’
2287 3862 2372 3936 ἄν
2418 3865 2515 3946 εἴη

319 3978 476 4053 νοῦς
529 3981 598 4041 ἐν
653 3985 793 4053 τοῖς
840 3975 1160 4056 τοιούτοις
1201 3981 1243 4042 i.
1276 4000 1329 4043 e.
1378 3978 1444 4044 οἳ
1484 3973 1849 4065 πράττουσι
1887 3972 1981 4060 μὴ
2023 3978 2367 4061 μέλλοντες
2411 3972 2516 4036 ἐπὶ

322 4085 522 4163 πέρας
567 4075 759 4158 ἥξειν.
798 4117 878 4132 -
925 4082 999 4145 In
1044 4084 1359 4168 principio
1405 4082 1589 4146 huius
1633 4080 1763 4145 loci
1792 4079 2152 4145 Alexander
2193 4103 2254 4166 p.
2291 4078 2435 4155 119,
2474 4076 2510 4139 7

324 4203 441 4268 pro
494 4207 554 4247 v.
604 4185 698 4248 ἔτι
750 4184 822 4250 δέ
872 4184 1068 4252 habet
1120 4187 1257 4250 ἐπεὶ
1313 4185 1400 4250 δέ.
1503 4184 1712 4270 Quam
1763 4186 1818 4247 si
1868 4183 2244 4271 probaveris
2295 4179 2516 4246 lectio-

324 4304 494 4363 nem,
538 4309 573 4351 a
617 4287 923 4372 particula
967 4283 1121 4355 ὥστ’
1161 4288 1468 4375 apodosis
1512 4290 1635 4352 erit
1678 4286 2015 4366 ordienda,
2061 4287 2138 4352 cf.
2184 4283 2264 4349 ad
2308 4286 2370 4348 Z
2412 4286 2512 4348 10.

325 4391 524 4456 1⁰:35⁶
559 4391 661 4455 18.

453 4495 616 4559 994⁶
643 4496 726 4559 16
761 4489 968 4560 ἀλλὰ
1003 4490 1162 4580 μὴν
1196 4491 1377 4562 οὐδὲ
1412 4531 1490 4543 -·
1521 4496 1612 4560 20
1646 4489 2040 4580 ἐχόμενόν
2074 4496 2315 4559 ἐστιν.
2373 4490 2517 4554 Nec
