3109 5175
1133 361 1252 446 ‘Z
1298 374 1360 447 l.
1444 373 1715 450 102802.
1955 471 1966 485 ι
2395 372 2553 449 m·

481 551 694 616 1028·
721 551 807 615 10
848 542 940 614 τὸ
983 542 1076 614 ὃν
1120 586 1200 601 -
1245 551 1333 616 31
1382 549 1519 630 εἴη.
1598 549 1731 616 Ens
1775 569 1964 637 quum
2008 549 2406 616 multifariam
2450 550 2545 616 di·

340 664 521 719 catur
566 654 689 733 (cf.
719 652 802 719 ad
832 655 981 719 Γ2.
1017 654 1354 719 1003133.
1402 656 1456 718 A
1487 657 1568 735 7)
1614 664 1680 719 et
1721 665 1820 720 tot
1856 653 2108 740 quidem
2144 653 2350 719 modis
2385 665 2545 739 quot

338 755 816 844 distinguuntur
852 760 1232 845 categoriae,
1268 777 1528 843 quarum
1562 779 1597 821 e
1629 779 1913 835 numero,
1951 760 2098 843 quia
2127 756 2383 822 aliunde
2418 757 2541 836 (cf.

337 856 421 925 ad
467 861 536 924 Ε
563 863 625 925 2.
674 862 883 926 10266
922 862 1027 926 34.
1089 862 1147 925 4.
1199 862 1408 926 1028α
1444 864 1525 942 5)
1572 864 1691 924 iam
1736 872 1932 926 notae
1975 872 2139 941 sunt,
2182 863 2545 948 potissimas

340 984 740 1029 enumerasse
786 967 938 1028 satis
981 962 1199 1027 habet:
1256 968 1453 1049 prima
1515 985 1591 1029 ex
1634 963 1731 1028 his
1779 962 2072 1030 omnibus
2116 975 2213 1029 est
2253 963 2542 1029 substan-

337 1071 444 1146 tia,
488 1072 622 1132 sive
664 1059 743 1130 τὸ
791 1069 856 1131 τί
896 1072 1050 1145 ἐστι,
1098 1066 1175 1131 cf.
1209 1067 1288 1132 ad
1320 1069 1385 1131 E
1409 1071 1471 1132 2.
1506 1069 1715 1133 1026α
1739 1070 1845 1133 36.
1910 1062 2075 1133 ὅταν
2108 1070 2229 1150 μὲν
2261 1062 2409 1154 γὰρ,
2452 1070 2545 1132 ait

337 1173 488 1249 ⁸15,
536 1168 813 1253 εἴπωμεν
855 1166 1052 1236 ποῖόν
1095 1193 1160 1234 τι
1203 1167 1352 1235 τόδε
1397 1173 1531 1235 κτλ.
1620 1172 1760 1235 Hac
1805 1175 2251 1237 enunciatione
2296 1169 2544 1236 orditur
2642 1175 2662 1193 ⁶

338 1273 587 1360 quidem
635 1293 771 1336 eam
818 1277 1458 1360 argumentationem,
1517 1297 1640 1360 qua
1688 1275 2079 1339 substantiae
2120 1278 2390 1359 primum
2436 1272 2544 1340 de-

337 1378 473 1442 beri
509 1377 723 1442 locum
759 1374 900 1440 vult
936 1377 1371 1464 comprobare,
1421 1397 1540 1442 nec
1574 1390 1783 1442 tamen
1828 1381 2025 1464 ipsam
2064 1380 2186 1441 iam
2216 1377 2406 1442 affert
2446 1398 2543 1441 ra·

339 1484 594 1558 tionem,
639 1479 753 1545 sed
798 1477 1098 1566 exemplis
1129 1477 1325 1545 modo
1358 1482 1750 1547 substantiae
1782 1492 1848 1545 et
1876 1480 2255 1565 reliquarum
2286 1491 2546 1568 catego-

336 1589 568 1649 riarum
613 1583 945 1650 discrimen
992 1583 1279 1650 illustrat.
1355 1585 1751 1670 Quamquam
1798 1588 1861 1648 in
1907 1589 2043 1670 ipsa
2090 1585 2209 1649 hac
2248 1586 2545 1648 muncia-

340 1692 545 1766 tione,
605 1682 769 1752 ὅταν
812 1689 931 1770 μὲν
979 1682 1106 1773 γὰρ
1156 1725 1236 1739 --
1283 1681 1329 1767 ἢ
1373 1684 1576 1766 θεόν,
1632 1691 1801 1752 inest
1840 1688 2017 1773 quod
2061 1686 2363 1751 lectorem
2409 1706 2544 1751 non

340 1795 544 1877 possit
586 1809 722 1855 non
768 1789 1118 1856 offendere.
1195 1794 1500 1857 Nimirum
1547 1811 1681 1856 non
1726 1789 1790 1856 id
1834 1795 2062 1878 agitur,
2109 1800 2180 1855 ut
2223 1790 2547 1876 quaelibet

341 1895 688 1960 substantia
736 1917 770 1957 a
818 1894 1078 1980 reliquis
1121 1894 1546 1983 distinguatur
1602 1893 1925 1972 omnibus,
1981 1893 2095 1958 sed
2148 1902 2223 1958 ut
2277 1894 2357 1959 ab
2417 1915 2544 1959 una

340 1998 686 2063 substantia
734 1995 1015 2083 reliquae
1049 1998 1520 2087 distinguantur
1554 2001 1917 2086 categoriae
1953 2017 2177 2063 omnes
2211 2000 2396 2081 eique
2431 2018 2545 2083 op-

338 2111 675 2188 ponantur.
743 2100 966 2186 Itaque
998 2104 1138 2168 iure
1177 2113 1504 2188 exspectes
1541 2101 1844 2188 qualitati,
1880 2096 2077 2166 ποῖόν
2108 2123 2171 2164 τι
2205 2094 2373 2178 τόδε,
2408 2120 2544 2165 non

340 2209 583 2292 opponi
633 2204 984 2290 exemplum
1032 2218 1096 2269 et
1140 2209 1502 2292 quantitatis
1551 2217 1615 2271 et
1653 2206 2060 2282 substantiae,
2104 2199 2249 2268 ἀλλ’
2291 2199 2371 2268 οὐ
2406 2206 2543 2289 τρίε-

338 2331 510 2394 πηχυ
551 2304 595 2389 ἢ
641 2305 1028 2391 ἄνθρωπον,
1074 2309 1187 2374 sed
1236 2320 1301 2374 et
1346 2309 1629 2395 qualitati
1676 2319 1741 2374 et
1786 2308 2019 2374 deinde
2062 2310 2393 2393 quantitati
2435 2329 2545 2393 pa-

337 2418 493 2479 riter
535 2434 723 2478 unam
772 2416 1012 2498 opponi
1057 2411 1499 2492 substantiam,
1545 2412 2073 2498 quemadmodum
2121 2410 2357 2475 deinde
2401 2410 2546 2476 sub-

339 2521 606 2582 stantiae
651 2520 1004 2603 opponitur
1047 2516 1236 2603 quale
1280 2527 1346 2582 et
1403 2527 1732 2603 quantum,
1792 2513 1873 2582 οὐ
1914 2510 2143 2580 λευκὸν
2186 2513 2335 2582 οὐδὲ
2382 2517 2548 2601 &sp-

336 2616 468 2705 μὸν
513 2618 662 2687 οὐδὲ
706 2623 1000 2704 τρίπηχυ.
1091 2618 1220 2685 Sed
1274 2620 1402 2685 hoc
1442 2632 1650 2686 utrum
1696 2624 1895 2707 ipsius
1942 2621 2299 2686 Aristotelis
2342 2620 2547 2708 negli-

337 2728 593 2813 gentiae
643 2724 1044 2789 tribuendum
1092 2728 1188 2803 sit,
1235 2746 1315 2790 an
1363 2724 1761 2789 librariorum
1807 2728 2048 2789 incuria
2088 2727 2319 2790 omissa
2359 2746 2547 2810 quae-

339 2829 482 2893 dam
526 2839 837 2914 putemu5‚
884 2826 1147 2892 difficile
1194 2841 1290 2893 est
1330 2829 1569 2901 dicere;
1620 2828 1982 2893 Alexander
2010 2830 2347 2893 manifesto
2374 2827 2544 2893 idem

337 2936 403 2998 in
451 2943 626 2999 textu
673 2932 908 3010 habuit,
953 2931 1126 3016 quod
1175 2952 1345 2996 nunc
1389 2931 1713 3019 vulgatum
1762 2943 1874 2997 est.
1912 2970 1990 2983 —
2037 2933 2132 2996 lta
2177 2954 2297 3019 per
2341 2953 2545 2996 exem-

339 3038 443 3122 pla
491 3036 862 3123 significatis
908 3034 1176 3099 diversis
1233 3039 1574 3125 categoriis
1627 3039 1902 3100 omnium
1949 3039 2211 3121 primam
2257 3036 2543 3100 substan-

337 3144 484 3205 tiam
545 3160 686 3204 esse
737 3161 817 3204 eo
880 3140 1280 3225 comprobat,
1342 3139 1512 3226 quod
1561 3140 1845 3227 reliquae
1891 3160 2112 3205 omnes
2159 3161 2293 3205 eam
2338 3142 2544 3224 requi⁴

338 3254 482 3308 rant
527 3245 712 3329 eique
753 3248 932 3329 quasi
967 3245 1350 3321 inhaereant,
1397 3244 1476 3307 cf.
1512 3245 1613 3308 13.
1650 3245 1850 3310 103811
1876 3247 1978 3310 26.
2026 3247 2088 3308 Θ
2119 3247 2177 3309 1.
2210 3245 2412 3309 10451»
2436 3244 2542 3308 27.

341 3350 416 3413 Ν
454 3350 510 3412 1.
561 3348 764 3412 108815
802 3349 861 3412 4.
955 3348 1305 3433 Propterea
1354 3347 1505 3411 licet
1546 3350 1612 3411 iu
1663 3347 2005 3412 universali
2062 3350 2224 3411 entis
2278 3350 2543 3410 notione

339 3453 523 3515 etiam
556 3452 824 3536 qualitas
858 3454 1272 3528 contineatur,
1310 3440 1520 3515 tamen
1556 3449 1943 3515 dubitaverit
1977 3451 2303 3536 quispiam',
2335 3460 2542 3514 utrum

340 3554 606 3640 qualitas
642 3555 746 3618 vel
783 3554 1058 3633 affectiO,
1102 3557 1154 3619 si
1199 3576 1317 3640 per
1356 3575 1424 3617 se
1464 3565 1527 3619 et
1566 3553 1859 3618 absolute
1896 3556 2270 3619 enuncietur
2306 3549 2384 3616 τὸ
2424 3574 2543 3615 κα·-

338 3659 637 3737 θῆσθαι,
682 3654 759 3722 τὸ
807 3657 1133 3743 ὑγιαίνειν,
1181 3680 1293 3723 ens
1341 3656 1600 3744 aliquod
1646 3656 1969 3745 significet
2010 3676 2231 3735 necne,
2274 3656 2391 3721 sed
2437 3676 2543 3721 en-

337 3766 417 3828 tis
475 3763 852 3850 dignitatem
911 3762 998 3827 ibi
1057 3766 1272 3849 potius
1328 3767 1498 3826 cerni
1543 3762 1933 3848 putabimus,
1991 3760 2095 3825 ubi
2156 3759 2341 3825 simul
2402 3781 2541 3823 cum

340 3867 644 3954 qualitate
691 3866 1021 3932 definitum
1067 3850 1407 3953 quodpiam
1454 3866 1832 3945 subiectum,
1891 3867 1990 3929 cui
2046 3863 2157 3928 illa
2202 3865 2544 3941 inhaereat,

341 3971 762 4059 significatur,
821 3971 1015 4037 veluti
1064 3992 1249 4057 quum
1299 3971 1564 4035 dicimus
1609 3965 1686 4035 τὸ
1730 3964 2152 4052 καθήμενον,
2211 3962 2286 4033 τὸ
2330 3966 2543 4051 ὑγιαῖ-

315 4082 474 4142 νον.
552 4076 862 4141 Nimirum
907 4079 978 4139 ἐν
1022 4078 1097 4163 τῇ
1139 4077 1504 4161 κατηγορίᾳ
1549 4076 1628 4166 τῇ
1664 4069 1947 4162 τοιαύτῃ,
1991 4073 2051 4136 h.
2084 4094 2138 4137 e.
2176 4075 2230 4137 si
2272 4074 2445 4138 hunc
2477 4075 2543 4137 in

340 4180 596 4244 modum
633 4180 951 4266 quidpiam
992 4182 1380 4255 enunciatur,
1428 4182 1845 4269 ἐμφαίνεται
1887 4175 1929 4258 ἡ
1976 4175 2170 4244 οὐσία
2214 4180 2254 4241 i.
2288 4199 2341 4240 e.
2380 4177 2541 4264 φαί-

339 4306 520 4349 νεται
558 4279 1015 4369 ὄνυπάρχουσα
1052 4282 1091 4363 ἡ
1128 4280 1337 4362 οὐσία,
1378 4283 1455 4347 ci.
1495 4286 1662 4350 0⁸35:
1703 4278 1961 4367 ἀνάγκη
1996 4276 2125 4367 γὰρ
2161 4285 2233 4346 ἐν
2267 4281 2358 4362 τῷ
2393 4274 2541 4354 ἑκτέα

341 4409 500 4454 στου
543 4384 720 4472 λόγῳ
761 4382 879 4453 τὸν
922 4389 1042 4468 τῆς
1086 4384 1315 4463 οὐσίας
1359 4381 1785 4472 ἐνυπάρχειν.
1875 4387 2099 4471 ltaque
2154 4406 2341 4469 quum
2402 4381 2544 4445 reli-

340 4510 463 4578 qua
522 4495 735 4558 omnia
791 4512 909 4579 per
964 4491 1374 4558 substantiam
1426 4494 1494 4556 in
1535 4510 1865 4557 nnmerum
1911 4492 2149 4554 entium
2193 4486 2544 4552 adsciscan-
