3109 5175
573 348 672 425 40
1420 352 1497 423 Α
1552 349 1616 423 l.
1689 347 1919 425 9801».

572 527 891 612 λογισμοῦ
944 521 1075 607 ἤδη
1133 526 1314 593 ἐστὶν
1366 527 1578 613 ἔργον.
1678 528 1899 593 Errori
1956 527 2250 614 quoniam
2310 524 2626 592 obnoxius
2683 536 2781 594 est

573 626 907 715 λογισμός,
955 632 1366 719 coniungitur
1409 651 1548 696 cum
1597 625 1781 721 δόξῃ,
1830 630 2009 696 Anal.
2054 640 2223 718 post.
2267 631 2328 698 ll
2371 632 2478 695 19.
2527 633 2683 697 1⁰0⁶
2718 633 2781 709 7,

570 734 833 821 reliquis
878 745 1088 801 autem
1133 746 1391 820 praeter
1430 734 1752 800 hominem
1797 733 2174 800 animalibus
2226 756 2359 800 non
2405 738 2782 823 assignatur,
2835 759 2838 762 ’

572 840 654 904 dc
702 843 885 905 anim.
931 839 1021 904 111
1072 840 1172 903 10.
1220 839 1385 904 4330:
1427 839 1526 916 12,
1562 840 1723 918 ⁶29,
1771 851 1843 904 ut
1884 841 1994 926 qui
2037 859 2384 926 suspensus
2429 842 2514 904 sit
2555 860 2591 904 a
2637 858 2782 925 per-

573 942 929 1030 pendendis
960 945 1300 1009 causim—
1350 942 1578 1028 Neque
1622 962 1779 1007 vero
1815 964 1890 1007 ex
1927 946 2063 1030 ipsa
2099 946 2397 1008 memoria
2432 941 2780 1009 secundum

574 1045 937 1113 Aristotelis
983 1048 1361 1110 sententiam
1407 1049 1714 1111 continuo
1772 1045 2034 1132 prodire
2083 1045 2493 1111 existimanda
2539 1057 2637 1111 est
2678 1067 2779 1110 ars

571 1151 671 1216 vel
705 1152 988 1228 scientia,
1023 1148 1138 1214 sed
1172 1149 1377 1216 media
1410 1149 1749 1214 intercedit
1777 1152 2181 1237 experientia,
2220 1152 2539 1235 ἐμπειρία.
2603 1149 2782 1214 Exsi-

570 1260 682 1320 stit
728 1265 934 1320 autem
981 1256 1398 1340 experientia,
1458 1275 1648 1340 quum
1698 1252 1916 1339 plures
1962 1252 2245 1320 eiusdem
2289 1256 2382 1318 rei
2430 1262 2780 1339 conceptus

573 1360 980 1424 inhaerentes
1025 1361 1093 1422 in
1135 1361 1346 1422 animo
1388 1368 1453 1423 et
1486 1361 1828 1422 memoriae
1865 1356 2042 1423 infixi
2080 1360 2144 1422 in
2175 1379 2364 1423 unam
2401 1359 2580 1443 quasi
2613 1378 2782 1422 sum-

573 1485 735 1528 mam
782 1460 1187 1539 coaluerunt,
1243 1464 1317 1525 αὶ
1372 1461 1618 1527 πολλαὶ
1671 1461 1931 1546 μνῆμαι
1976 1461 2098 1527 τοῦ
2142 1458 2348 1526 αὐτοῦ
2391 1456 2781 1546 πράγματος

569 1568 730 1650 μιᾶς
787 1568 1125 1652 ἐμπειρίας
1180 1559 1460 1648 δύναμιν
1516 1562 1983 1644 ἀποτελοῦσιν,
2040 1564 2144 1630 vel
2199 1574 2272 1629 ut
2329 1574 2425 1629 est
2478 1567 2546 1630 in
2591 1562 2776 1630 Anal.

570 1680 739 1758 post.
783 1670 843 1734 ll
882 1671 988 1735 19.
1032 1670 1196 1734 looa
1221 1669 1289 1733 5:
1336 1670 1409 1733 αἱ
1450 1662 1581 1757 γὰρ
1622 1655 1865 1734 πολλαὶ
1907 1670 2168 1754 μνῆμαι
2209 1669 2301 1751 τῷ
2343 1664 2621 1753 ἀριθμῷ
2664 1672 2779 1752 ἑμ-

570 1776 795 1860 πειρία
837 1774 962 1856 μία
1004 1774 1204 1837 ἐστίν.
1294 1771 1518 1837 Plures
1575 1781 1787 1835 autem
1842 1793 2051 1837 rerum
2107 1771 2497 1860 singularum
2547 1792 2778 1837 conee-

568 1887 716 1964 ptus
761 1878 848 1940 ita
892 1885 1137 1941 tantum
1182 1878 1252 1941 in
1294 1897 1488 1941 unum
1530 1885 1803 1963 possunt
1846 1878 2042 1955 coire,
2083 1886 2158 1941 ut
2196 1897 2357 1963 quae
2395 1878 2461 1939 in
2495 1877 2573 1939 iis
2609 1895 2778 1940 com·

568 1983 783 2045 munia
828 1991 979 2045 sunt
1020 1969 1433 2060 retineantur,
1476 1978 1808 2044 abiiciatur
1843 2001 1999 2044 vero
2042 1977 2348 2066 quidquid
2380 1981 2548 2044 inter
2579 2000 2651 2044 se
2683 1977 2779 2044 di-

570 2105 818 2150 versum
865 2084 1104 2148 hahent
1151 2093 1214 2149 et
1258 2086 1660 2148 contrarium.
1751 2084 1971 2169 Itaque
2021 2086 2382 2148 necessario
2427 2103 2547 2170 per
2591 2105 2779 2170 expe-

566 2192 859 2254 rientiam
907 2210 942 2251 a
987 2187 1401 2273 conceptibus
1439 2186 1706 2276 singulis
1746 2186 2138 2276 singularum
2173 2208 2384 2252 rerum
2411 2186 2492 2251 ad
2526 2189 2778 2252 univer-

570 2290 704 2357 sale
749 2291 1068 2378 quidpiam
1113 2289 1538 2369 adscenditur,
1581 2290 1859 2376 ideoque
1897 2294 1964 2356 in
1995 2290 2179 2356 Anal.
2214 2290 2257 2355 l.
2289 2290 2330 2354 l.
2375 2311 2515 2378 cum
2555 2294 2777 2375 ἐμπει-

570 2399 686 2480 ρίᾳ
749 2398 1157 2483 coniungitur
1212 2388 1291 2459 τὸ
1336 2388 1671 2473 καθόλου,
1728 2387 1805 2460 τὰ
1850 2395 1918 2460 ἓν
1960 2388 2145 2484 παρὰ
2187 2389 2272 2457 τὰ
2314 2388 2532 2459 πολλά
2579 2433 2659 2445 -
2705 2399 2777 2460 ἐκ

571 2497 631 2564 δ’
673 2501 1006 2582 ἐμπειρίας
1049 2490 1096 2577 ἢ
1137 2502 1208 2561 ἐκ
1250 2490 1499 2574 παντὸς
1542 2492 1997 2583 ἠρεμήσαντος
2051 2500 2173 2563 τοῦ
2227 2493 2538 2562 καθ-ὅλου
2586 2501 2656 2563 ὲν
2698 2499 2778 2590 τῇ

569 2606 768 2695 ψυχῇ,
811 2604 934 2668 τοῦ
973 2596 1122 2679 ἑνὸς
1165 2596 1351 2690 παρὰ
1392 2595 1477 2666 τοὶ
1520 2597 1755 2667 πολλά.
1838 2602 2058 2669 Nihilo
2106 2614 2313 2668 tamen
2359 2605 2580 2681 secius,
2626 2601 2777 2669 licet

574 2719 638 2773 et
685 2709 1073 2794 experientia
1118 2705 1481 2771 universale
1524 2706 1846 2793 quidpiam
1891 2709 2319 2793 concipiamus
2366 2718 2431 2771 et
2473 2710 2776 2773 scientiae

573 2830 645 2876 ea
703 2815 841 2898 ipsa
900 2813 982 2876 sit
1035 2821 1259 2874 natura
1316 2820 1389 2876 ut
1444 2809 1910 2877 universalibus
1962 2810 2335 2877 notionibus
2380 2810 2775 2892 conficiatur,

573 2914 875 3003 distingui
920 2926 1130 2979 tamen
1176 2917 1623 3000 experientiam
1670 2936 1706 2978 a
1751 2919 2014 2980 scientia
2060 2936 2136 2979 ex
2175 2917 2462 3000 proxima
2499 2914 2777 3002 disputa-

571 3022 749 3084 tione
806 3019 1207 3084 manifestum
1258 3028 1383 3098 est,
1440 3027 1505 3082 et
1546 3017 1652 3081 vel
1695 3017 1847 3083 inde
1892 3029 2106 3105 potest
2149 3018 2397 3107 colligi,
2453 3018 2628 3104 quod
2671 3039 2776 3085 ex-

571 3126 919 3209 perientiae
978 3121 1186 3208 aliqua
1240 3144 1388 3209 pars
1446 3124 1635 3186 etiam
1692 3122 1950 3208 reliquis
2003 3121 2372 3188 animalibus
2418 3125 2778 3210 assignatur

570 3229 732 3291 980⁶
768 3229 874 3293 26.
967 3228 1052 3290 Et
1097 3224 1578 3312 Analyticorum
1624 3225 1873 3311 quidem
1901 3226 1964 3307 j.
2010 3225 2057 3291 l.
2100 3228 2155 3291 si
2202 3225 2570 3307 contuleris,
2611 3225 2774 3291 illud

570 3352 763 3395 unum
803 3329 1058 3395 videtur
1101 3351 1241 3394 esse
1280 3332 1585 3394 scientiae
1628 3340 1695 3395 et
1736 3333 2159 3418 experientiae
2204 3328 2556 3410 discrimen,
2598 3328 2774 3417 quod

570 3437 832 3499 scientia
857 3432 1023 3499 ultra
1052 3436 1499 3519 experientiam
1528 3432 1607 3498 ad
1631 3434 2126 3507 universaliores
2154 3438 2337 3499 etiam
2364 3444 2556 3521 atque
2584 3438 2773 3500 etiam

569 3541 873 3605 notiones
916 3536 1220 3617 escendit,
1265 3538 1343 3602 cf.
1392 3537 1571 3603 Alex.
1617 3562 1680 3625 p.
1712 3542 1770 3618 5,
1815 3543 1899 3606 27
1945 3560 2080 3624 sqq.
2156 3537 2460 3604 subtilius
2503 3559 2661 3604 vero
2709 3549 2778 3603 et

449 3667 459 3676 ·
570 3645 921 3707 accuratius
969 3641 1303 3709 discrimen
1341 3645 1407 3706 in
1447 3642 1544 3706 his
1575 3642 2164 3728 Metaphysicorum
2205 3642 2419 3706 verbis
2459 3640 2774 3729 signifiea-

571 3757 700 3810 tum
745 3747 1064 3822 invenias,
1110 3766 1252 3809 nam
1298 3756 1737 3832 praeterquam
1783 3744 1958 3831 quod
2001 3764 2134 3824 ars,
2179 3755 2244 3809 et
2287 3745 2463 3830 qued
2507 3745 2591 3811 de
2636 3756 2775 3811 arte

573 3847 806 3913 dictum
866 3858 963 3912 est
1020 3847 1187 3912 idem
1244 3847 1327 3912 ad
1385 3851 1709 3914 scientiam
1766 3849 2135 3935 pertinebit,
2189 3849 2379 3915 altius
2435 3871 2638 3935 usque
2691 3849 2775 3915 ad

571 3950 1029 4016 universaliora
1068 3948 1368 4031 escendit,
1414 3952 1539 4018 hoc
1575 3956 1633 4016 ei
1669 3956 1993 4039 proprium
2041 3964 2153 4035 est,
2200 3953 2374 4040 quod
2409 3976 2572 4040 quae
2606 3975 2777 4021 com-

571 4058 781 4121 munia
828 4054 1269 4141 complectitur
1313 4079 1386 4122 ca
1432 4054 1577 4122 κατ’
1623 4052 1792 4135 εἶδος
1834 4060 1904 4124 ἓν
1947 4055 2264 4146 ἀφορίζει,
2313 4058 2375 4122 h.
2407 4080 2462 4124 e.
2507 4081 2628 4144 per
2674 4080 2778 4124 ex-

577 4163 948 4246 perientiam
985 4158 1264 4223 eiusdem
1300 4161 1677 4227 similiumve
1712 4184 1918 4237 rerum
1957 4165 2266 4249 imagines
2309 4181 2502 4227 sensu
2545 4182 2778 4228 conce-

571 4274 722 4349 ptae
769 4274 833 4328 et
874 4265 1216 4329 memoriae
1262 4264 1495 4330 infixae
1518 4265 1685 4331 nihil
1720 4266 1893 4332 aliud
1925 4288 2111 4354 quam
2144 4269 2209 4330 in
2243 4287 2546 4344 summam
2579 4287 2777 4352 quan-

575 4367 715 4432 dam
764 4368 1145 4448 coalescunt,
1187 4390 1304 4455 per
1343 4380 1537 4435 artem
1585 4360 1648 4434 et
1687 4373 2011 4436 scientiam
2058 4372 2341 4435 notionis
2383 4368 2549 4434 fines
2594 4391 2779 4437 accu-

573 4481 708 4536 rate
752 4470 1222 4551 describuntur3
1279 4472 1393 4569 illa
1447 4477 1811 4543 necessario
1856 4475 2158 4540 cohaeret
2202 4494 2344 4538 cum
2386 4472 2776 4563 singularum
