3109 5175
2351 390 2443 465 21

280 564 530 650 tegorias
573 564 937 648 quantitatis
984 573 1049 627 et
1081 563 1398 649 qualitatis
1434 568 1522 631 ita
1559 568 1974 653 persequitur,
2019 575 2090 631 ut
2123 567 2451 653 quomodo

278 669 425 731 inter
462 688 531 731 se
574 676 989 753 opponantur
1030 688 1222 732 unum
1270 679 1336 733 et
1377 668 1603 747 multa,
1653 691 1816 756 quae
1862 672 1945 734 sit
1989 674 2453 736 contrarietatis

278 773 455 848 notio,
497 792 660 857 quae
705 775 833 836 sint
862 794 1107 860 genere
1140 772 1247 837 vel
1284 776 1498 857 specie
1534 772 1802 851 diversa,
1846 795 2009 859 quae
2044 773 2250 839 media
2288 776 2456 839 inter

278 877 567 939 contraria
612 888 914 961 exponat,
968 888 1033 942 et
1077 876 1232 941 alias
1279 875 1578 962 quasdam
1625 879 2031 962 quaestiones
2076 877 2173 942 his
2221 899 2455 966 cogna-

277 987 357 1040 tas
409 977 747 1066 diligenter
806 991 872 1045 et
928 990 1111 1045 acute
1155 990 1518 1067 pertractet.
1568 1018 1648 1030 —
1706 980 1811 1045 De
1856 981 2261 1046 Aristotelica
2307 981 2453 1047 libri

277 1082 507 1168 origine
550 1103 759 1167 neque
804 1106 878 1148 ex
921 1089 1299 1149 auctoritate
1342 1095 1625 1149 veterum
1671 1087 2087 1170 interpretum
2130 1106 2340 1171 neque
2379 1107 2456 1150 ex

272 1186 389 1269 ipsa
431 1183 573 1250 libri
622 1198 844 1252 natura
891 1187 1016 1253 ulla
1061 1191 1271 1275 repeti
1315 1198 1528 1274 potest
1575 1186 1918 1264 dubitatio13
1969 1199 2036 1252 et
2079 1188 2160 1252 ad
2191 1192 2454 1274 primam

274 1287 501 1372 quidem
559 1288 1029 1377 philosophiam
1087 1295 1408 1379 pertinere
1455 1313 1563 1356 eas
1608 1295 2041 1378 quaestiones,
2098 1295 2166 1356 in
2224 1291 2454 1377 quibus

272 1392 652 1458 instituendis
698 1394 801 1457 hic
842 1394 1005 1460 liber
1040 1405 1344 1472 versatur,
1387 1395 1787 1460 manifestum
1825 1407 1939 1460 est.
2009 1396 2256 1459 Primae
2287 1399 2454 1460 enim

270 1495 697 1584 philosophiae
743 1506 842 1562 est
887 1519 999 1564 ens
1047 1519 1443 1587 cognoscere
1476 1511 1788 1585 quatenus
1825 1508 1924 1563 est
1959 1520 2100 1574 ens;
2149 1503 2324 1585 atqui
2359 1521 2455 1564 re·

272 1603 539 1686 ciprocas
585 1603 752 1666 inter
796 1622 869 1665 se
912 1623 1053 1667 esse
1098 1605 1264 1667 entis
1310 1613 1378 1668 et
1420 1604 1680 1668 unitatis
1723 1606 2024 1668 notiones
2068 1606 2136 1668 in
2172 1605 2317 1689 ipso
2362 1605 2456 1667 in-

270 1708 447 1770 troitu
477 1704 1066 1790 Metaphysicorum
1107 1706 1174 1772 Γ
1201 1708 1245 1771 2
1291 1711 1611 1792 exposui&
1661 1728 1816 1795 ergo
1864 1706 2145 1774 eiusdem
2194 1717 2289 1772 est
2331 1709 2456 1793 pri·

269 1829 394 1872 mae
433 1808 911 1895 philosophiae,
964 1812 1221 1874 unitatis
1278 1813 1612 1876 notionem
1670 1822 1735 1876 et
1789 1833 1951 1896 quae
1996 1832 2136 1875 cum
2183 1833 2257 1875 ea
2302 1832 2453 1876 con-

269 1913 463 1976 iuncta
506 1922 659 1976 sunt
700 1914 1102 2000 investigare.
1169 1914 1380 2000 Atque
1413 1913 1824 1980 Aristotelem
1855 1913 2105 2000 quidem
2138 1936 2218 1980 eo
2251 1918 2456 1981 consi·

268 2011 349 2079 lio
389 2014 560 2080 hunc
602 2014 833 2082 librum
878 2016 927 2081 Ι
964 2018 1313 2102 scripsisse,
1367 2027 1440 2083 ut
1494 2040 1634 2085 cnm
1680 2016 1858 2083 libris
1904 2029 2090 2082 antea
2133 2017 2455 2105 dispositis

268 2118 718 2184 ΑΒΓΕΖΗΘ
761 2139 883 2184 una
924 2130 988 2185 et
1023 2124 1321 2188 continua
1358 2126 1525 2187 serie
1561 2125 2008 2198 contineretur,
2052 2142 2187 2187 non
2218 2125 2456 2209 impro-

267 2221 553 2289 babiliter
597 2226 895 2290 coniicias
941 2245 1016 2289 ex
1060 2226 1243 2290 initio
1276 2228 1503 2311 capitis
1533 2223 1825 2292 secundi:
1868 2216 2038 2290 κατὰ
2081 2225 2151 2292 δὲ
2185 2222 2308 2305 τὴν
2342 2222 2455 2292 οὐ·

267 2330 408 2392 σίαν
449 2330 566 2392 καὶ
608 2320 730 2405 τὴν
774 2323 975 2416 φύσιν
1013 2327 1324 2407 ζητητέον
1357 2334 1645 2412 ποτέρως
1678 2332 1820 2414 ἔχει,
1863 2323 2179 2415 καθάπερ
2210 2333 2281 2396 ἐν
2315 2338 2455 2407 τοῖς

266 2426 746 2516 διαπορήμασιν
803 2425 1190 2515 ἐπήλθομεν
1244 2435 1311 2498 τί
1363 2427 1442 2498 τὸ
1499 2438 1567 2498 ἓν
1625 2437 1760 2500 ἐστι
1816 2435 1929 2498 καὶ
1984 2433 2122 2508 πῶς
2165 2432 2265 2498 δεῖ
2305 2436 2454 2519 περὶ

267 2531 459 2601 αὐτοῦ
490 2533 724 2617 λαβεῖν
759 2535 929 2617 κτλ.;
971 2535 1309 2601 manifesto
1349 2539 1512 2602 enim
1552 2539 1810 2623 respicit
1845 2528 2281 2622 quaestionem
2316 2557 2453 2601 eam

266 2659 415 2724 quae
472 2637 821 2725 disceptata
883 2649 979 2704 est
1032 2639 1098 2705 B
1144 2643 1203 2705 4.
1254 2642 1463 2706 1001·
1508 2644 1817 2719 4-b25‚
1877 2662 2084 2727 neque
2139 2651 2453 2726 tamquam

264 2745 511 2827 petitam
562 2763 635 2807 ex
678 2740 800 2807 alia
848 2741 1196 2830 disciplina,
1251 2744 1365 2809 sed
1411 2756 1483 2810 nt
1524 2766 1687 2830 quae
1735 2744 2011 2810 eiusdem
2057 2747 2138 2809 sit
2181 2743 2455 2831 discipli-

263 2865 376 2910 nae
419 2856 487 2911 et
532 2844 981 2931 disputationis
1010 2849 1093 2928 ¹).
1182 2848 1311 2914 Sed
1357 2847 1507 2913 licet
1552 2846 1635 2912 de
1679 2847 2109 2934 metaphysica
2153 2848 2339 2913 huius
2379 2847 2455 2913 li-

264 2948 357 3014 bri
409 2948 723 3039 dignitate
783 2958 1034 3015 constet
1086 2963 1153 3016 et
1204 2951 1487 3021 voluisse
1532 2973 1676 3017 eum
1723 2950 2128 3016 Aristotelem
2171 2954 2453 3017 inserere

264 3058 434 3139 operi
493 3053 936 3141 metaphysico
993 3076 1110 3141 per
1164 3055 1364 3121 libros
1408 3056 1576 3121 Α-
1600 3056 1658 3121 Θ
1702 3060 2074 3121 continuato
2118 3054 2453 3142 probabile

262 3157 563 3235 videatur,
604 3170 816 3223 tamen
860 3179 984 3244 qua
1028 3161 1275 3225 ratione
1321 3178 1459 3225 cum
1493 3158 1621 3224 illis
1658 3162 2030 3225 coniunctus
2061 3163 2144 3224 sit
2173 3172 2238 3225 et
2265 3182 2453 3246 quem

261 3264 647 3346 potissimum
695 3260 904 3327 locum
950 3260 1052 3326 vel
1098 3266 1297 3348 priori
1340 3262 1788 3349 disputationis
1831 3265 2010 3349 parti,
2055 3285 2176 3348 qua
2207 3262 2290 3327 de
2319 3265 2455 3328 uni-

262 3374 383 3431 tate
426 3369 729 3432 universe
775 3365 1052 3443 disserit,
1108 3366 1215 3431 vel
1258 3369 1631 3454 posteriori,
1690 3365 1798 3431 nbi
1853 3365 2100 3454 singula
2146 3365 2453 3452 quaedam

261 3472 517 3534 unitatis
563 3480 629 3535 et
670 3467 1089 3534 multitudinis
1136 3482 1200 3535 et
1246 3473 1710 3537 contrarietatis
1753 3491 1992 3557 genera
2038 3473 2454 3556 persequitur,

261 3573 535 3638 voluerit
572 3576 912 3661 assignare,
956 3594 1040 3638 ne
1085 3571 1404 3640 levissimo
1450 3574 1701 3661 quidem
1746 3572 1987 3637 indicio
2031 3572 2454 3659 significatum

262 3687 370 3740 est.
458 3678 619 3742 Non
673 3680 1031 3742 continuari
1077 3677 1205 3742 hoc
1246 3678 1415 3744 libro
1461 3680 1896 3764 quaestionem
1942 3680 2230 3741 extremis
2275 3675 2454 3741 libris

262 3779 461 3846 ΖΗΘ
505 3783 919 3866 propositam,
962 3781 1077 3848 sed
1121 3785 1272 3849 satis
1314 3800 1549 3871 magno
1589 3780 1928 3849 intervallo
1965 3783 2170 3867 rumpi
2204 3791 2455 3846 senten-

261 3885 476 3949 tiarum
524 3894 904 3963 contextum,
946 3886 1054 3951 vel
1099 3887 1310 3952 obiter
1352 3886 1596 3973 legenti
1639 3884 1843 3950 libros
1888 3893 2172 3971 apparet.
2260 3885 2456 3949 Acce·

262 3985 353 4052 dit
393 3986 570 4074 quod
616 4009 698 4052 ne
740 3991 818 4053 iis
862 3990 1115 4076 quidem
1162 3989 1321 4056 locis
1366 3990 1447 4054 ad
1478 3993 1840 4076 superiores
1873 3987 2332 4074 disputationes
2358 4010 2457 4053 re-

262 4092 474 4176 spicit,
532 4090 643 4156 nbi
687 4090 753 4156 id
794 4093 937 4159 fieri
983 4097 1118 4159 inre
1162 4098 1472 4180 requiras,
1529 4102 1601 4159 nt
1649 4113 1718 4157 re
1763 4114 1915 4158 vera
1961 4113 2155 4158 unum
2202 4096 2457 4156 exsistat

367 4265 434 4335 1)
468 4270 726 4321 Laudatur
747 4286 998 4341 praeterea
1022 4272 1170 4323 etiam
1190 4271 1317 4324 liber
1338 4274 1387 4323 Z
1408 4272 1535 4324 libro
1565 4273 1601 4324 Ι
1623 4286 1670 4324 2.
1700 4278 1864 4325 1053·
1893 4285 1977 4323 16:
2013 4272 2060 4321 εἰ
2083 4270 2137 4320 δὲ
2158 4272 2331 4338 μηθὲν
2353 4268 2454 4321 τῶν

264 4354 504 4409 καθόλου
542 4357 766 4409 δυνατὸν
802 4351 992 4411 m’rctav
1027 4348 1175 4422 εἶναι,
1211 4356 1465 4428 καθάπερ
1501 4361 1551 4410 ἓν
1587 4365 1700 4415 τοῖς
1729 4359 1845 4427 περὶ
1879 4350 2064 4413 offulae
2096 4357 2186 4406 καὶ
2214 4356 2330 4425 περὶ
2353 4351 2452 4406 voi}

267 4436 412 4501 ὄντος
448 4446 649 4514 εἴρηται
684 4439 871 4512 λόγοις,
907 4445 969 4496 cf.
1005 4445 1069 4506 Z,
1110 4459 1196 4510 133
1236 4445 1324 4496 sed
1358 4444 1473 4496 inde
1510 4463 1616 4496 non
1650 4441 1763 4495 satis
1798 4455 1935 4494 certo
1968 4460 2248 4506 cognoscas,
2282 4452 2451 4490 utrum

264 4525 442 4580 libs-ram
463 4530 513 4580 Ζ
548 4546 607 4582 ex
631 4523 817 4582 'eadem
852 4529 1107 4601 disciplina
1141 4550 1246 4584 esse
1282 4546 1333 4583 et
1367 4531 1547 4583 eodem
1577 4548 1726 4601 opere
1752 4526 1991 4581 eontinen'
2014 4527 2222 4579 voluerit
2243 4545 2415 4578 necne.
