3109 5175
2407 383 2510 460 29

304 560 484 638 ratio,
533 578 669 623 non
710 562 911 648 magis
948 563 1269 626 inveneris
1302 559 1662 627 indicatum.
1733 563 1909 626 Haec
1944 561 2193 648 alisque
2228 562 2510 629 eiusdem

302 662 475 728 modi
538 662 723 750 plura
781 666 921 728 iure
979 664 1391 743 desiderabit,
1450 669 1556 751 qui
1614 665 1965 730 universam
2014 666 2376 732 Aristotelis
2430 665 2512 734 de

302 771 501 852 prima
558 766 970 854 philosophia
1028 768 1378 833 doctrinam
1423 772 1780 856 concipere·
1807 774 2017 833 animo
2066 782 2131 835 et
2173 769 2513 856 complecti

303 872 675 954 susceperit.
742 871 872 935 lam
913 871 1309 937 intercidisse
1345 871 1650 957 quosdam
1689 873 2276 959 Metaphysicorum
2314 873 2513 939 libros

304 976 611 1060 temporis
643 976 886 1053 iniuria,
923 995 1292 1061 quamquam
1324 997 1454 1040 non
1483 997 1750 1062 prorsus
1787 988 1883 1041 est
1912 976 2301 1055 incredibile,
2331 976 2512 1042 nullo

306 1089 515 1140 tamen
552 1079 707 1140 satis
739 1087 915 1143 certo
950 1076 1335 1144 documento
1374 1078 1797 1145 confirmatur.
1870 1079 2225 1165 Aliquoties
2260 1080 2514 1167 quidem

306 1178 691 1244 Aristoteles
721 1203 842 1266 per
872 1181 1074 1248 libros
1112 1182 1586 1268 metaphysicos
1625 1205 1696 1247 se
1735 1187 2164 1269 expositurum
2205 1181 2513 1269 quaedam

306 1283 668 1370 pollicetur,
715 1306 878 1369 quae
910 1285 1140 1350 frustra
1172 1288 1268 1350 his
1299 1285 1520 1350 aliisve
1549 1288 1617 1349 in
1653 1284 1830 1350 libris
1862 1286 2284 1351 Aristotelio-is
2328 1307 2517 1371 quae-

304 1410 421 1465 ras,
467 1387 549 1452 cf.
586 1388 667 1452 ad
699 1389 762 1452 Z
791 1390 893 1452 13.
929 1391 1137 1454 lo39a
1170 1391 1275 1453 22.
1323 1391 1494 1453 M3.
1531 1390 1732 1454 10781»
1757 1391 1828 1466 ὃς
1872 1389 1988 1455 sed
2030 1390 2205 1477 quod
2251 1412 2323 1454 se
2367 1410 2515 1475 pro-

302 1493 497 1555 mittit
545 1494 1004 1576 expositurum,
1062 1491 1213 1556 inde
1271 1491 1553 1557 nondum
1600 1493 1938 1558 conficitur
1979 1505 2051 1559 ut
2096 1516 2169 1559 re
2213 1513 2365 1557 vera
2415 1515 2515 1557 ex-

303 1597 620 1681 posuerit.
697 1595 782 1658 Et
827 1593 996 1680 quod
1035 1594 1369 1682 Asclepius
1412 1595 1607 1661 tradit
1647 1597 1966 1662 interiisse
2010 1587 2316 1682 quos'dam
2363 1619 2402 1660 e
2445 1595 2516 1660 li-

303 1699 435 1763 bris
497 1698 952 1784 metaphysicis
996 1696 1286 1764 Eudemo
1344 1699 1588 1764 traditis
1648 1709 1715 1765 et
1765 1723 1800 1764 a
1846 1699 2308 1788 posterioribus
2351 1699 2515 1764 male

302 1801 641 1889 suppletos
690 1823 829 1866 esse
876 1823 950 1866 ex
994 1801 1254 1889 reliquis
1298 1804 1546 1890 scriptis
1594 1803 2045 1882 Aristotelian,
2103 1804 2182 1868 cf.
2223 1826 2289 1890 p.
2336 1806 2403 1882 7,
2447 1803 2516 1872 id

303 1906 477 1971 haud
525 1908 663 1970 seio
710 1927 791 1969 an
839 1905 1222 1971 concluserit
1266 1910 1464 1996 magis
1511 1930 1585 1973 ex
1631 1889 1937 1996 singulari
1982 1907 2090 1971 illa
2139 1918 2206 1971 et
2246 1910 2402 1971 mira
2445 1907 2518 1971 li-

304 2010 402 2076 bri
451 2010 526 2074 K
568 2010 791 2086 forma,
837 2031 1020 2094 quam
1067 2013 1252 2075 certis
1300 2010 1664 2075 auctoribus
1707 2011 2004 2076 traditum
2048 2013 2385 2096 acceperit.
2427 2047 2514 2060 -

305 2112 692 2179 Aristoteles
729 2134 886 2177 vero
922 2116 1061 2198 ipse
1098 2135 1244 2178 num
1281 2112 1364 2178 de
1395 2113 1519 2178 illis
1555 2114 1765 2192 rebus,
1803 2136 1958 2201 quas
1988 2116 2220 2200 requiri
2252 2112 2333 2179 ad
2363 2134 2518 2178 cou-

304 2216 692 2283 cludendam
734 2220 1091 2281 universam
1139 2216 1488 2281 doctrinam
1520 2216 1812 2294 indicavi,
1858 2221 2014 2284 certi
2046 2217 2363 2304 quidpiam
2391 2227 2518 2281 sta-

304 2326 501 2387 tuerit
530 2319 785 2407 quidem
813 2319 982 2406 apud
1006 2322 1295 2400 animum,
1326 2321 1439 2385 sed
1468 2319 1576 2385 vel
1608 2325 1889 2387 omiserit
1917 2326 2166 2408 scriptis
2197 2341 2517 2406 exponere

302 2426 408 2492 vel
457 2436 668 2491 morte
712 2429 1102 2511 interceptus
1143 2445 1279 2489 non
1322 2427 1639 2511 potuerit,
1693 2435 1768 2491 ut
1821 2430 2183 2513 interpretis
2239 2428 2323 2489 sit
2367 2445 2520 2489 cou-

300 2527 637 2596 eludendo
684 2527 1190 2617 colligendisque
1235 2528 1505 2618 singulis
1548 2529 1840 2616 partibus
1888 2529 2181 2596 omuibus
2213 2527 2518 2615 supplere

304 2636 420 2701 bas
456 2635 739 2710 lacunaS,
783 2636 1079 2718 quoniam
1125 2637 1189 2697 in
1237 2638 1603 2698 coniectura
1649 2654 1842 2698 omne
1886 2645 1983 2699 est
2013 2634 2310 2699 iudicium
2347 2634 2522 2717 posi-
2565 2660 2572 2674 ·

306 2751 461 2819 tum,
494 2738 601 2804 alii
632 2736 817 2801 aliter
845 2740 1149 2811 sentient;
1182 2736 1475 2823 equidem
1505 2758 1896 2825 magnopere
1924 2759 2026 2801 me
2057 2736 2348 2802 dubitare
2371 2756 2521 2822 pro-

306 2843 520 2921 fiteor,
561 2864 708 2907 num
747 2840 873 2905 illis
913 2845 1099 2906 etiam
1129 2844 1195 2905 in
1227 2841 1705 2927 quaestionibus
1736 2841 2088 2906 doctrinam
2118 2862 2292 2905 suam
2325 2838 2518 2926 plene

306 2946 668 3013 absolverit
709 2956 775 3010 et
821 2945 1205 3012 concluserit
1235 2945 1629 3011 Aristoteles.
1696 2946 1756 3009 Is
1796 2950 1958 3010 enim
1996 2957 2065 3010 ut
2108 2954 2209 3010 est
2251 2944 2519 3032 diligen-

306 3054 591 3116 tissimus
649 3054 714 3114 in
768 3049 1234 3137 cognoscendis
1277 3049 1471 3114 rebus
1514 3048 1810 3137 singulis,
1867 3069 2132 3135 quorum
2194 3051 2518 3137 ingentem

308 3175 581 3242 prorsus
640 3165 704 3218 et
758 3175 967 3240 prope
1022 3151 1456 3218 incredibilem
1509 3158 1721 3219 animo
1769 3153 2133 3239 complexus
2180 3163 2278 3217 est
2319 3156 2519 3217 scien-

310 3263 495 3336 tiam,
541 3268 613 3321 ut
657 3265 756 3321 est
798 3268 1017 3321 acutus
1065 3267 1131 3321 et
1173 3260 1546 3345 ingeniosus
1590 3261 1656 3322 in
1702 3256 2066 3345 redigendis
2110 3256 2207 3321 his
2252 3254 2518 3344 singulis

311 3361 511 3426 rebus
560 3359 638 3424 ad
686 3382 974 3441 summas,
1018 3382 1174 3447 quas
1210 3361 1506 3439 distinxit,
1552 3365 1827 3426 omnium
1868 3364 2099 3425 entium
2137 3364 2514 3448 categorias:

310 3471 401 3531 ita
449 3486 641 3552 quum
687 3464 766 3528 de
812 3464 1118 3530 iaciendis
1151 3464 1466 3530 altissimis
1509 3463 1840 3530 doctrinae
1877 3464 2302 3530 fundamentis
2339 3474 2404 3528 et
2437 3462 2520 3527 de

310 3568 773 3635 confirmandis
820 3572 1109 3656 interque
1151 3590 1221 3633 se
1267 3568 1682 3635 conciliandis
1726 3570 2052 3655 principiis
2097 3571 2329 3655 agitur,
2380 3566 2520 3654 plu-

310 3678 540 3738 rimum
598 3670 898 3758 relinquit
953 3673 1361 3739 dubitationis
1389 3677 1473 3755 ¹).
1566 3674 1978 3759 Quapropter
2032 3682 2104 3737 ut
2158 3673 2519 3757 interpretis

312 3797 583 3841 munere
638 3779 884 3842 sincere
939 3788 1004 3842 et
1045 3776 1333 3842 modeste
1379 3778 1560 3866 fungi
1601 3776 1883 3855 viderer,
1941 3797 2102 3862 quae
2148 3773 2548 3840 Aristoteles

310 3883 456 3966 ipse
504 3878 819 3959 disseruit,
865 3904 938 3947 ea
978 3903 1159 3967 quam
1198 3880 1682 3969 diligentissime
1697 3870 1937 3968 ⁴putavi
1976 3877 2360 3965 explicanda,
2401 3878 2521 3942 hos

314 3994 526 4049 autem
568 3981 735 4047 fines
783 3983 1131 4049 divinando
1179 3995 1244 4050 et
1288 3985 1711 4050 coniectando
1752 3983 1972 4073 egredi
2012 3981 2341 4072 religionis
2380 4002 2522 4046 esse

316 4087 499 4161 duxi3
554 4086 905 4152 verendum
965 4100 1064 4153 est
1120 4091 1285 4153 enim
1341 4111 1426 4153 ne
1484 4093 1621 4154 ausi
1678 4110 1752 4153 ex
1802 4091 2066 4176 ingenio
2110 4086 2413 4173 supplere
2456 4095 2523 4149 et

319 4190 708 4255 concludere
756 4190 1103 4257 doctrinam
1138 4192 1600 4258 Aristotelicam
1642 4196 1708 4257 in
1751 4192 2012 4257 eandem
2049 4190 2396 4255 incidamus
2429 4193 2521 4254 in-

432 4432 495 4503 1)
528 4438 606 4491 Cf.
646 4437 811 4488 Zeller
842 4436 969 4489 Phil.
997 4439 1045 4489 d.
1073 4437 1165 4490 Gr.
1202 4439 1264 4490 ll.
1300 4460 1352 4509 p.
1382 4453 1693 4500 dos-⁴08,
1732 4453 1830 4493 ⁵62
1856 4456 1964 4507 sqq.
2018 4437 2221 4511 Heydcr
2243 4434 2391 4489 Arist.
2416 4432 2521 4485 und

322 4522 607 4590 Hegel’schc
642 4522 889 4575 Dialektik
923 4524 962 4587 1,
1003 4539 1047 4579 1.
1084 4546 1135 4595 p.
1167 4541 1189 4581 1
1202 4540 1260 4581 81
1301 4547 1408 4597 sqq.
