3109 5175
1140 368 1216 435 Z
1255 365 1327 438 6.
1411 364 1589 440 1031
1613 366 1676 438 b.
2369 369 2515 444 317

274 539 422 606 Sed
476 539 568 605 ab
615 540 739 606 hoc
782 538 1035 625 quidem
1083 562 1301 607 errore
1345 543 1772 608 ratiocinandi
1813 542 1997 610 liberi
2043 549 2301 623 erimus,
2347 548 2402 610 si
2446 549 2513 611 in

273 656 574 731 utraque
637 647 1084 730 propositione
1144 645 1575 732 praedicatum
1631 647 1917 713 subiecto
1977 650 2288 714 tribuatur
2340 644 2518 713 κατὰ

274 741 751 834 συμβεβηκός,
809 747 1009 813 veluti
1055 743 1419 836 ἅνθρωπος
1463 744 1666 816 ταύτὸ
1709 754 1821 816 καὶ
1867 746 2088 828 λευκὸς
2133 746 2514 840 ἄνθρωπος,

275 846 674 936 ἄνθρωπος
716 847 917 916 ταύτὸ
964 855 1076 917 καὶ
1117 848 1428 937 μουσικὸς
1471 848 1862 940 ἄνθρωπος,
1922 865 2111 940 atque
2167 856 2319 921 inde
2363 877 2514 921 con-

278 953 604 1020 cludatur
660 965 730 1019 ut
785 954 953 1019 idem
1012 959 1093 1020 sit
1148 950 1225 1020 τὸ
1281 959 1481 1041 λευκῷ
1540 955 1709 1023 εἶναι
1764 971 1829 1023 et
1872 952 1949 1022 τὸ
1991 962 2280 1043 μουσικῷ
2325 956 2512 1024 εἶναι.

277 1060 480 1124 Haec
542 1067 750 1122 autem
810 1081 1000 1145 quum
1052 1059 1159 1123 vel
1205 1059 1416 1125 obiter
1457 1064 1771 1147 spectanti
1816 1075 2118 1148 appareat
2162 1066 2514 1149 speciosius

280 1161 615 1248 disputari
673 1184 857 1247 quam
914 1164 1125 1228 verius
1183 1161 1347 1244 (alia
1406 1169 1572 1230 enim
1629 1186 1890 1249 prorsus
1942 1169 2127 1230 notio
2173 1187 2246 1229 ac
2289 1176 2516 1230 natura

283 1265 549 1331 coloris
596 1264 753 1346 albi,
798 1266 921 1333 alia
968 1270 1116 1332 artis
1160 1271 1498 1347 musicae),
1543 1289 1629 1333 ne
1673 1268 1952 1334 refutare
1997 1269 2249 1354 quidem
2294 1268 2517 1357 digna-

283 1379 425 1448 tur,
471 1368 615 1435 'sed
671 1374 737 1435 in
798 1391 878 1436 eo
935 1374 1276 1457 acquiescit
1332 1382 1405 1436 ut
1461 1372 1619 1436 haec
1669 1375 1908 1465 nemini
1949 1375 2039 1437 ita
2081 1372 2287 1438 videri
2330 1371 2516 1449 dicat,

283 1474 479 1540 δοκεῖ
531 1471 592 1538 δ’
633 1467 711 1539 οὔ
747 1475 901 1540 a28.
941 1511 1026 1524 —
1070 1476 1207 1539 «124
1253 1468 1297 1553 ἢ
1341 1472 1459 1540 οὐκ
1502 1470 1760 1559 ἀνάγκη
1804 1476 1937 1540 κτλ.
2009 1476 2115 1540 De
2160 1480 2225 1542 vi
2266 1486 2424 1562 part.
2469 1469 2515 1556 ἥ

285 1576 373 1643 cf.
424 1575 514 1642 ad
566 1579 626 1643 4.
677 1579 886 1644 1⁰30a
924 1580 988 1644 3.

433 1682 655 1748 10310
697 1683 785 1747 28
830 1683 960 1746 ἐπὶ
1005 1681 1087 1746 δὲ
1136 1717 1214 1732 —
1257 1683 1387 1747 ⁶22
1433 1674 1692 1771 ἄμφω.
1783 1682 1879 1747 Ita
1938 1691 2307 1770 persecutus
2357 1686 2518 1748 aoei-

288 1784 526 1852 dentia
583 1788 808 1851 transit
864 1783 946 1850 ad
1005 1806 1081 1849 ea
1138 1807 1301 1870 quae
1356 1807 1473 1871 per
1528 1807 1600 1850 se
1654 1807 1795 1851 esse
1841 1785 2163 1868 dicuntur,
2222 1797 2287 1852 et
2328 1789 2395 1851 in
2437 1788 2519 1852 iis

290 1888 562 1976 quidem
622 1888 1002 1974 comprobat
1050 1887 1217 1954 idem
1263 1909 1406 1954 esse
1449 1909 1583 1952 rem
1630 1900 1695 1954 et
1737 1892 1831 1953 rei
1874 1913 2008 1969 τηε.
2097 1891 2168 1956 Si
2214 1892 2381 1956 enim
2427 1888 2519 1955 di·-

290 2014 488 2057 versa
537 1997 706 2058 inter
750 2015 820 2057 se
868 2005 932 2057 et
977 1992 1288 2058 disiuncta
1333 1986 1841 2071 (ἀπολελύσθαι
1878 1994 1992 2072 M,
2038 1993 2116 2057 cf.
2153 1994 2345 2079 Phys.
2382 1993 2412 2057 1
2456 1995 2517 2060 1.

292 2097 473 2163 185a
515 2098 643 2176 28)
688 2117 830 2161 esse
875 2099 1234 2178 statuimus,
1292 2091 1378 2161 ταὶ
1420 2117 1532 2174 τηε
1578 2095 1969 2163 substantiae
2014 2107 2229 2177 erunt,
2284 2100 2363 2160 iis
2422 2118 2522 2162 re-

291 2198 452 2279 bus,
516 2222 780 2286 quarum
839 2203 1172 2265 continent
1222 2221 1364 2278 τηε,
1423 2198 1738 2287 dignitate
1783 2204 2178 2287 superiores,
2233 2206 2289 2266 εὶ
2330 2193 2408 2266 τὸ
2454 2202 2523 2266 τί

293 2294 385 2384 ἦν
434 2299 611 2369 εἶναι
655 2300 851 2370 οὐσία
894 2307 1072 2370 ἐστίν
1112 2305 1224 2382 ὂ2,
1271 2303 1350 2368 cf.
1391 2305 1551 2369 ⁶31:
1611 2302 1786 2389 εἴπερ
1831 2301 2029 2370 οὐσία
2070 2298 2148 2371 τὸ
2192 2306 2257 2370 τί
2305 2294 2385 2384 ἦν
2431 2301 2522 2372 εἳ-

293 2430 436 2474 ναι.
535 2408 630 2473 Ita
676 2428 832 2473 vero
880 2407 1066 2473 simul
1114 2418 1180 2473 et
1221 2429 1432 2473 rerum
1478 2409 1744 2473 scientia
1800 2407 2048 2474 sublata
2092 2411 2215 2474 erit
2258 2418 2323 2475 et
2366 2411 2524 2474 exsi-

299 2514 546 2577 stentia
591 2511 722 2578 τῶν
766 2514 832 2576 τί
875 2501 959 2591 ἦν
1005 2505 1188 2591 εἶναι,
1230 2513 1333 2590 ῠ3,
1377 2511 1438 2575 4.
1528 2511 1708 2577 Scire
1765 2514 1931 2577 enim
1986 2510 2178 2578 nobis
2234 2510 2525 2578 videmur

298 2614 581 2702 aliquid,
639 2617 695 2680 si
741 2617 876 2681 eius
920 2613 995 2681 τὸ
1041 2636 1153 2694 τηε
1198 2620 1718 2705 cognoverimus3
1774 2619 1897 2681 iam
1943 2621 1997 2683 si
2039 2613 2115 2682 τὸ
2161 2639 2272 2695 τηε
2316 2615 2524 2681 diver-

299 2741 444 2815 sum
497 2729 669 2785 esset
712 2742 746 2785 a
793 2741 863 2784 re
908 2723 1062 2805 ipsa,
1106 2721 1268 2785 scire
1310 2719 1548 2806 aliquid
1594 2721 1762 2786 idem
1808 2731 1978 2785 esset
2021 2741 2099 2785 ac
2138 2723 2301 2785 scire
2346 2718 2523 2786 aliud

302 2824 386 2890 ab
439 2825 559 2890 illo
608 2821 942 2888 diversum.
1033 2821 1192 2894 Inde
1245 2826 1571 2888 scientiam
1617 2828 1880 2889 omnino
1927 2823 2068 2889 tolli
2112 2844 2266 2888 vere
2310 2822 2524 2909 dispu-

303 2937 430 3005 tat;
477 2927 595 2994 sed
642 2927 817 3013 quod
863 2925 1046 2992 simul
1092 2929 1513 2991 exsistentiam
1557 2928 1689 2992 τῶν
1735 2951 1845 3007 τηε
1888 2926 2033 2992 tolli
2065 2925 2409 3004 concludit,
2451 2927 2523 2993 id

301 3034 432 3096 nisi
472 3030 668 3096 fallor
702 3054 820 3118 per
857 3051 1133 3097 errorem
1163 3031 1587 3099 ratiocinandi
1624 3030 1901 3109 conficit,
1933 3031 2239 3099 bS—m.
2302 3030 2372 3095 Si
2406 3049 2524 3095 vo-

304 3134 539 3214 lumus,
585 3137 688 3213 ait,
732 3156 863 3200 rem
905 3132 1279 3200 disiunctam
1315 3157 1456 3201 esse
1495 3158 1532 3201 a
1569 3156 1690 3202 suo
1728 3158 1860 3215 τηε,
1901 3133 1968 3201 id
1998 3138 2233 3221 pariter
2262 3143 2525 3221 oportet

307 3238 392 3304 de
442 3238 743 3304 omnibus
786 3239 981 3306 rebus
1026 3241 1242 3315 statui;
1291 3242 1503 3325 itaque
1547 3243 1734 3305 sicuti
1776 3233 1854 3303 τὸ
1900 3237 2151 3323 ἀγαθῷ
2194 3234 2361 3304 εἶναι
2404 3235 2524 3305 οὐκ

306 3343 491 3408 ἔστιν
551 3338 855 3425 ἀγαθόν,
910 3347 998 3408 ita
1057 3346 1244 3407 etiam
1295 3338 1372 3407 τὸ
1417 3336 1560 3406 ὄντι
1604 3339 1772 3407 εἶναι
1814 3339 1931 3407 οὐκ
1975 3345 2159 3409 ἔσται
2202 3336 2299 3408 ὄν.
2390 3342 2523 3409 Iam

305 3466 476 3510 vero
526 3445 702 3531 quod
747 3444 827 3511 de
872 3449 965 3530 τῷ
1008 3440 1146 3512 ὄντι
1194 3441 1360 3511 εἶναι
1404 3444 1637 3510 dictum
1686 3455 1809 3523 est,
1864 3449 2103 3531 pariter
2151 3445 2232 3510 ad
2278 3444 2524 3531 reliqua

307 3548 693 3635 pertinebit;
738 3553 791 3614 si
835 3544 913 3614 τὸ
960 3544 1103 3615 ὄντι
1147 3547 1314 3614 εἶναι
1350 3566 1494 3614 norr
1525 3558 1673 3627 est,
1716 3570 1801 3613 ne
1835 3547 2031 3631 ustum
2068 3547 2318 3634 quidem
2358 3569 2395 3612 e
2426 3569 2526 3612 re-

308 3652 504 3740 liquis
542 3677 674 3733 τηε,
717 3652 918 3719 veluti
956 3648 1035 3718 τὸ
1078 3650 1329 3737 ἀγαθῷ
1373 3650 1554 3733 εἶναι,
1598 3670 1671 3719 re
1714 3674 1866 3718 vera
1913 3673 2089 3717 esse
2135 3650 2527 3717 censendum

314 3762 455 3823 erit.
548 3759 728 3823 Haec
769 3758 905 3824 fere
951 3755 1344 3834 Aristoteles
1387 3756 1502 3822 sed
1548 3755 1697 3823 vide
1739 3780 1890 3823 num
1933 3766 2122 3821 recte.
2210 3756 2527 3821 Nimirum

314 3882 654 3927 commune
699 3860 890 3928 rebus
935 3860 1229 3927 omuibus
1275 3880 1616 3947 earumque
1660 3868 1799 3938 τοῖς
1839 3884 1953 3941 τηε
1998 3861 2125 3925 hoc
2169 3868 2293 3936 est,
2351 3858 2527 3943 quod

314 3964 589 4033 alterum
635 3969 986 4030 seiunctum
1032 3965 1297 4050 ponitur
1343 3964 1422 4029 ab
1467 3964 1703 4043 altero,
1761 3960 1836 4028 τὸ
1892 3961 2143 4048 ἀγαθῷ
2197 3957 2364 4028 εἶναι
2408 3958 2528 4031 οὐκ

314 4070 493 4136 ἔστιν
541 4063 850 4153 ἀγαθόν,
907 4060 984 4132 τὸ
1029 4062 1370 4154 ἀνθρώπῳ
1415 4065 1585 4133 εἶναι
1627 4064 1744 4133 οὐκ
1788 4070 1963 4133 ἔστιν
2007 4062 2400 4153 ἄνθρωπος,
2451 4089 2530 4132 ac

314 4171 564 4259 reliqua
610 4170 924 4247 similiter-3
981 4173 1311 4257 proprium
1367 4192 1524 4237 vero
1584 4193 1659 4235 ac
1715 4170 2036 4259 singulare
2089 4173 2235 4237 huic
2279 4171 2389 4236 uni
2434 4172 2529 4252 τῷ

318 4268 463 4340 ὄντι
519 4273 688 4341 εἶναι
742 4275 868 4337 hoc
914 4285 1035 4352 est,
1094 4271 1267 4358 quod
1319 4270 1395 4339 τὸ
1442 4271 1549 4352 ὄν,
1606 4279 1644 4338 i.
1686 4296 1740 4338 e.
1790 4278 2265 4365 exsistentia
2313 4270 2392 4335 ab
2444 4292 2529 4337 eo

318 4376 720 4467 disiungitur,
763 4371 840 4440 τὸ
881 4370 1021 4443 ὄντι
1052 4373 1221 4442 εἶναι
1258 4396 1392 4440 non
1433 4390 1571 4442 est.
1641 4379 1771 4445 Iam
1803 4401 1961 4444 vero
1991 4381 2131 4457 hoc,
2176 4373 2347 4462 quod
2379 4395 2534 4459 pro-

318 4485 520 4567 prium
583 4492 683 4546 est
740 4482 849 4544 uni
894 4503 969 4546 ex
1015 4479 1310 4546 omnibus
1355 4482 1420 4544 τί
1461 4470 1546 4559 ἦν
1594 4478 1788 4558 εἶναι,
1843 4482 1909 4547 id
1957 4483 2039 4548 ad
2087 4483 2297 4547 omnia
2339 4478 2535 4545 trahit
