3109 5175
577 350 722 426 352
1385 352 1461 422 Z
1508 347 1620 422 15.
1701 347 1891 423 1039
1909 347 1972 422 b.

710 525 901 611 Quae
943 523 1251 591 hactenus
1294 523 1611 610 disputata
1657 535 1821 602 sunt,
1865 522 1945 588 ad
1985 525 2259 609 ipsarum
2295 522 2580 588 idearum
2617 525 2786 588 inter

577 625 963 695 se'rationes
998 630 1351 714 pertinent3
1388 649 1593 692 novas
1628 630 1891 713 insuper
1926 625 2232 692 accedere
2266 625 2693 704 difficultates,
2730 629 2783 691 si

576 731 860 799 idearum
916 729 999 795 ad
1054 752 1158 795 res
1205 729 1540 795 sensibiles
1586 734 1895 795 rationem
1941 732 2430 816 respexerimus,
2487 733 2786 815 quoniam

577 835 766 901 facile
811 845 907 899 est
948 833 1327 922 intelligere,
1369 833 1766 921 significasse
1810 833 1919 898 Ar.
1965 836 2115 898 satis
2158 832 2353 897 habet
2390 834 2540 910 616,
2586 834 2689 897 17.

1454 1088 1683 1162 CAP.
1747 1086 1910 1161 XV.

711 1236 852 1306 Res
894 1233 1198 1320 oia-gulae
1239 1255 1371 1298 non
1416 1235 1761 1299 &mittum
1805 1232 2271 1322 definitionem,
2315 1234 2455 1296 sive
2491 1253 2608 1296 eae
2643 1253 2788 1295 sen-

579 1339 801 1406 eibika
856 1348 1009 1403 sunt
1066 1374 1149 1389 —
1199 1339 1411 1403 loma
1454 1340 1530 1419 7,
1585 1339 1725 1402 sive
1777 1336 2194 1422 cogitabiles,
2254 1335 2789 1423 quemadmodum

578 1444 770 1508 ideae
816 1442 1203 1507 Platonicae
1249 1478 1330 1492 -
1381 1441 1585 1506 10406
1625 1441 1687 1503 4.

712 1562 890 1626 Haec
932 1561 1217 1646 quaestio
1265 1555 1592 1644 quomodo
1640 1558 1979 1623 cohaereat
2027 1580 2168 1621 cum
2212 1556 2488 1623 consilio
2534 1557 2790 1620 univer·
2828 1627 2833 1630 ,

581 1685 691 1729 sae
733 1663 919 1728 huius
964 1662 1439 1748 disputationis,
1496 1682 1868 1747 quamquam
1915 1659 2023 1724 Ar.
2069 1651 2204 1724 non
2249 1659 2595 1748 sig-nificat,
2654 1679 2787 1723 non

581 1765 844 1831 difficile
889 1775 1098 1830 tamen
1144 1776 1243 1829 est
1284 1784 1700 1851 cognoscere.
1792 1762 2064 1847 Quaerit
2124 1765 2290 1827 enim
2334 1766 2403 1826 in
2447 1763 2571 1827 hoc
2615 1760 2783 1825 libro

581 1871 651 1934 τί
693 1873 871 1934 ἐστιν
912 1866 956 1948 ἡ
1003 1865 1229 1946 οὐσία,
1274 1889 1326 1931 c.
1364 1868 1424 1946 1,
1469 1867 1543 1954 2,
1590 1888 1665 1930 ac
1708 1877 1948 1931 semota
2000 1868 2264 1950 primum
2309 1868 2591 1944 materia,
2635 1888 2690 1929 c.
2723 1866 2787 1942 3,

581 1972 973 2038 substantiae
1006 1969 1380 2058 dignitatem
1416 1968 1817 2034 tribuendam
1849 1969 2042 2034 docet
2076 1971 2168 2051 τῷ
2200 1969 2265 2033 τί
2300 1958 2385 2047 ἦν
2423 1964 2591 2034 εἶναι
2624 1988 2788 2032 eam-

583 2097 708 2162 que
742 2098 877 2140 rem
914 2077 1105 2139 variis
1139 2071 1346 2139 modis
1380 2083 1741 2159 pertractat,
1778 2096 1832 2138 c.
1866 2074 2128 2137 4—12.
2199 2072 2362 2136 Tum
2403 2070 2485 2136 ad
2526 2094 2598 2136 ea
2638 2085 2789 2136 con·

579 2183 875 2257 vertitur,
933 2198 1094 2263 quae
1154 2198 1292 2242 cum
1351 2176 1557 2262 aliqua
1615 2177 1900 2240 veritatis
1957 2177 2173 2261 specie
2226 2173 2598 2263 dignitatem
2644 2173 2790 2239 sub-

582 2284 851 2346 stantiae
894 2279 1018 2344 sibi
1062 2279 1387 2344 vindicare
1430 2277 1796 2355 videantur3
1839 2282 2055 2364 itaque
2098 2280 2367 2364 primum
2404 2277 2785 2344 universalia

582 2405 719 2449 non
763 2404 904 2448 esse
948 2382 1334 2448 substantias
1380 2381 1796 2460 demonstrat,
1842 2404 1894 2446 c.
1933 2385 2033 2460 13,
2080 2384 2191 2459 14,
2240 2380 2475 2447 deinde
2519 2402 2643 2446 nec
2683 2402 2785 2445 res

580 2486 881 2576 singulaS‚
913 2509 965 2551 c.
992 2489 1092 2564 15,
1121 2508 1244 2551 nec
1271 2496 1483 2573 partes
1512 2508 1720 2551 rerum
1749 2484 2140 2573 singularum
2170 2484 2578 2562 sensibilium,
2617 2506 2672 2548 c.
2702 2485 2786 2548 16

580 2595 734 2670 init„
778 2591 1265 2658 substantiarum
1309 2590 1461 2657 loco
1506 2589 1833 2654 habendas
1879 2610 2019 2655 esse
2064 2589 2463 2676 comprobat,
2511 2587 2786 2674 denique

581 2717 666 2760 ne
708 2697 964 2760 summis
1008 2692 1259 2780 quidem
1302 2696 1423 2760 τοῦ
1464 2687 1658 2770 ὄντος
1702 2704 1765 2758 et
1809 2695 1930 2759 τοῦ
1970 2691 2117 2770 ἑνός
2159 2692 2534 2758 notionibus
2576 2712 2787 2756 essen-

582 2801 732 2863 tiam
765 2796 1163 2862 tribuendam
1197 2796 1406 2876 docet,
1453 2820 1506 2860 c.
1538 2798 1625 2861 16
1667 2807 1817 2861 extr.
1890 2798 1985 2862 Ita
2027 2796 2133 2862 ubi
2174 2799 2489 2885 negativis
2531 2797 2786 2862 rationi-

582 2900 703 2966 bus
751 2922 825 2966 ea
869 2900 1295 2979 confirmavit,
1353 2921 1515 2986 quae
1570 2899 1652 2964 de
1696 2899 2047 2965 substantia
2092 2910 2279 2965 antea
2326 2903 2645 2986 exposuit,
2704 2898 2787 2964 ad

582 3008 781 3090 ipsam
810 3006 1246 3090 quaestionem
1280 3001 1461 3082 redit,
1495 3024 1547 3066 c.
1576 3004 1679 3080 17,
1712 3011 1778 3067 et
1805 3001 2062 3067 aliunde
2093 3024 2353 3069 exorsus
2387 3001 2602 3068 denuo
2635 3001 2783 3089 quid

581 3110 666 3171 sit
707 3105 1058 3172 substantia
1101 3104 1400 3172 ostendit.

713 3210 858 3273 Hoc
901 3220 1108 3274 autem
1154 3212 1362 3295 capite
1404 3206 1541 3274 no'n
1583 3208 1652 3274 id
1695 3213 1898 3296 ipsum
1945 3209 2364 3292 demonstrat,
2420 3233 2523 3276 res
2573 3214 2786 3299 singu-

581 3312 678 3378 las
733 3331 867 3376 non
923 3332 1065 3378 esse
1121 3311 1534 3392 substantias,
1593 3312 1707 3378 sed
1765 3335 1978 3379 rerum
2028 3316 2419 3404 singularum
2465 3337 2601 3380 non
2644 3335 2786 3379 esse

579 3414 1022 3483 definitionem
1078 3436 1287 3500 neque
1342 3419 1696 3494 scientiam3
1769 3419 2062 3482 nimirum
2136 3442 2326 3505 quum
2397 3418 2785 3483 substantiae

580 3520 686 3586 vel
738 3523 923 3586 unice
980 3516 1086 3582 vel
1140 3522 1531 3605 potissimum
1593 3541 1736 3585 esse
1793 3517 2230 3587 definitionem
2290 3521 2785 3588 demonstratum

580 3627 665 3690 sit
709 3647 763 3689 c.
799 3625 859 3702 4,
902 3623 1029 3687 hoc
1068 3625 1125 3686 si
1170 3625 1563 3711 comprobat,
1608 3620 1768 3689 illud
1814 3623 2000 3688 simul
2030 3636 2141 3689 -est
2184 3625 2683 3712 comprobatum.

716 3727 919 3792 10396
955 3727 1044 3792 20
1087 3729 1261 3794 ἐπεὶ
1303 3725 1363 3793 δ’
1408 3765 1489 3779 -
1538 3728 1749 3793 10406
1787 3729 1824 3793 7
1876 3723 2362 3813 ὁρίσασθαι.
2436 3728 2709 3795 Orditur
2747 3750 2783 3792 a

581 3828 991 3896 distinctione
1038 3841 1102 3895 et
1145 3830 1300 3896 alias
1330 3834 1699 3919 saepissime
1730 3840 1795 3896 et
1824 3830 2160 3917 aliquoties
2188 3830 2318 3897 hoc
2344 3835 2485 3917 ipso
2519 3834 2587 3896 in
2615 3830 2782 3896 libro

580 3936 915 4018 proposita
961 3933 1082 4014 (cs.
1118 3935 1179 4000 3.
1219 3936 1428 4000 10296
1459 3937 1519 3999 5.
1584 3938 1687 4002 10.
1733 3937 1943 4001 10351
1978 3937 2037 4013 6,
2078 3934 2184 4014 21,
2218 3937 2366 4000 622.
2410 3946 2476 3999 et
2513 3933 2593 3999 ad
2624 3934 2692 3999 B
2721 3936 2783 3999 4.

579 4035 751 4099 9996
787 4036 914 4112 33)
960 4040 1051 4099 rei
1097 4047 1435 4103 concretae
1479 4038 1561 4103 ab
1609 4041 1743 4103 eius
1786 4040 2057 4102 notione
2100 4042 2236 4103 sive
2295 4039 2524 4116 forma,
2578 4035 2622 4117 ἡ
2665 4040 2787 4122 μὲν

585 4174 666 4190 —-
716 4133 912 4203 οὐσία
956 4133 1077 4204 σὺν
1118 4144 1197 4229 τῇ
1239 4137 1358 4229 ὕλῃ
1406 4142 1912 4225 συνειλημμένος
1953 4138 1991 4206 ὁ
2036 4136 2258 4225 λόγος,
2316 4138 2358 4220 ἡ
2405 4139 2464 4206 δ’
2505 4138 2542 4206 ὁ
2588 4136 2785 4225 λόγος

583 4236 768 4318 ὅλως.
838 4242 1044 4322 (Voc.
1076 4236 1244 4318 ὅλως
1288 4264 1475 4327 quum
1520 4264 1695 4307 suam
1741 4247 1865 4308 vim
1912 4244 2142 4309 habeat
2185 4248 2253 4310 in
2298 4243 2784 4331 complectendo

581 4347 869 4411 notionis
912 4343 1178 4410 alicuius
1213 4344 1467 4423 ambitu,
1510 4346 1589 4409 cf.
1626 4345 1706 4411 ad
1737 4348 1809 4412 A
1837 4351 1899 4414 9.
1931 4350 2092 4414 9906
2124 4351 2228 4413 17.
2287 4348 2528 4413 Trend.
2566 4350 2648 4413 de
2684 4370 2783 4413 an.

582 4471 644 4534 p.
674 4448 825 4527 205,
871 4447 1092 4515 dubito
1138 4472 1287 4517 num
1332 4449 1486 4515 ferri
1530 4452 1657 4516 hoc
1696 4450 1848 4518 loco
1893 4455 2113 4538 possit,
2156 4455 2455 4535 qnoniam
2491 4451 2651 4517 nihil
2689 4465 2788 4518 est
