3109 5175
516 370 662 446 380
1358 371 1420 443 Θ
1471 371 1533 444 l.
1620 368 1806 445 1046
1820 394 1886 444 a.

516 547 822 636 distingui
864 567 1053 612 nemo
1098 546 1505 624 infitiabitur3
1563 547 1678 612 sed
1734 558 1797 613 et
1842 544 2180 612 admodum
2222 545 2459 612 subtile
2506 558 2571 612 et
2610 550 2724 612 mi-

516 662 736 717 nutum
783 672 922 717 esse
969 650 1302 715 discrimen
1350 663 1630 738 apparet,
1676 673 1887 737 neque
1932 655 2133 737 ipsum
2174 650 2582 717 Aristotelem
2628 674 2724 716 sa-

516 760 599 821 tis
643 766 826 820 caute
868 765 1184 821 versatum
1219 757 1287 818 in
1321 754 1600 819 tenenda
1636 778 1709 820 ea
1744 754 2170 834 distinctione,
2216 767 2289 819 ut
2321 755 2483 819 alios
2524 755 2725 820 libros

517 882 600 924 ne
642 858 940 924 adeamus
985 857 1268 944 quidem,
1315 881 1388 923 ex
1432 859 1561 924 hoc
1603 862 1743 945 ipso
1791 858 1987 937 libro,
2032 861 2099 923 in
2144 879 2275 945 quo
2322 880 2459 922 eam
2506 858 2726 924 distin-

517 966 795 1028 ctionem
852 966 1213 1048 proposuit,
1275 962 1460 1026 facile
1518 972 1736 1049 potest
1794 964 2120 1049 cognosci.
2219 964 2470 1028 Etenim
2530 986 2724 1050 quum

518 1080 697 1132 sexto
745 1069 993 1132 demum
1039 1071 1244 1154 capite
1289 1066 1372 1130 ad
1418 1066 1680 1131 alterum
1725 1087 1930 1154 genus
1976 1067 2319 1151 potentiae,
2364 1089 2549 1152 quam
2596 1066 2721 1132 dixi

517 1168 1019 1256 possibilitatem,
1063 1192 1133 1234 se
1179 1173 1445 1235 transire
1482 1174 1623 1257 ipse
1656 1169 1990 1257 significet,
2034 1172 2095 1234 6.
2129 1170 2339 1233 1048«
2363 1173 2466 1248 27,
2511 1182 2724 1236 tamen

517 1278 709 1338 tertio
753 1277 874 1337 iam
921 1276 1129 1359 capite
1174 1277 1239 1338 in
1285 1272 1742 1361 redarguendis
1790 1274 2258 1361 Megaricorum
2305 1275 2723 1359 opinionibus

518 1397 555 1440 a
601 1380 929 1463 potentiae
970 1380 1240 1441 notione
1282 1381 1509 1442 transit
1563 1375 1643 1441 ad
1694 1397 1927 1440 meram
1972 1376 2490 1462 possibilitatem3
2547 1378 2723 1464 quod

520 1484 688 1545 enim
724 1479 878 1545 dicit
909 1482 972 1545 3.
1007 1483 1215 1547 104711
1240 1482 1354 1545 24:
1391 1482 1526 1545 ἔστι
1557 1481 1627 1545 δὲ
1663 1474 1947 1545 δυνατὸν
1982 1485 2193 1559 τοῦτο,
2228 1472 2283 1564 ᾧ
2319 1477 2437 1547 ἐὰν
2469 1478 2723 1573 ὑπάρξῃ

517 1581 562 1663 ἡ
607 1588 911 1671 ἐνέργεια,
957 1575 1037 1649 οὗ
1078 1586 1334 1670 λέγεται
1376 1586 1540 1668 ἔχειν
1583 1579 1703 1663 τὴν
1749 1581 2044 1668 δύναμιν,
2090 1581 2298 1669 οὐθὲν
2342 1587 2527 1649 ἔσται
2563 1581 2725 1651 ἀδύ-

519 1710 742 1766 νατον,
787 1687 1122 1753 manifesto
1165 1709 1300 1752 non
1331 1690 1685 1775 potentiam
1724 1688 1966 1767 definit,
2008 1709 2173 1774 quae
2220 1698 2316 1753 est
2358 1683 2564 1773 ἁρχὴ
2609 1712 2723 1772 με-

519 1792 812 1875 ταβολῆς
856 1796 926 1857 ἐν
971 1786 1149 1874 ἄλλῳ
1185 1786 1230 1869 ἢ
1266 1780 1305 1880 ᾖ
1345 1785 1527 1869 ἄλλο,
1574 1790 1689 1857 sed
1726 1812 1959 1857 meram
1997 1792 2502 1878 possibilitatem.
2568 1794 2725 1858 Item

521 1899 729 1982 capite
774 1906 1000 1982 quarto
1048 1897 1251 1960 10:170
1290 1895 1534 1959 9-30
1580 1899 2042 1983 argumentatio
2099 1917 2232 1961 non
2290 1907 2504 1982 potest
2551 1908 2725 1962 recte

519 2001 742 2065 referri
789 1998 870 2064 ad
914 2002 1284 2086 potentiam,
1327 1998 1443 2063 sed
1486 1999 1645 2064 haec
1689 2010 1754 2064 et
1796 2003 1937 2086 ipsa
1981 2004 2171 2066 tacite
2209 2023 2245 2066 a
2286 1998 2725 2087 possibilitatis

519 2107 790 2169 notione
834 2104 1280 2191 proficiscitur.

657 2210 868 2273 1046a
897 2209 938 2272 4
985 2202 1111 2271 ὅτι
1151 2209 1295 2291 μὲν
1336 2243 1418 2257 --
1457 2208 1544 2272 35
1580 2208 1940 2291 λέγομεν.
2011 2209 2237 2275 Varias
2277 2204 2609 2295 δυνάμεως
2647 2213 2727 2275 si-

523 2311 969 2400 gnificationes
1027 2308 1297 2374 eundem
1353 2310 1488 2375 fere
1543 2313 1614 2374 in
1670 2310 1927 2376 modum
1971 2316 2372 2398 persequitur
2414 2335 2492 2377 ac
2535 2314 2588 2377 Α
2624 2315 2726 2392 12,

525 2437 710 2502 quam
768 2413 848 2477 ad
906 2412 1393 2499 disputationem
1436 2417 1699 2500 respicit
1735 2417 1855 2481 αὖε
1913 2413 2248 2501 διώρισται
2290 2413 2449 2501 ἡμῖν
2494 2421 2566 2481 ἐν
2609 2411 2727 2483 ἄλ-

526 2519 683 2596 λοις.
760 2520 854 2582 Ac
897 2520 1165 2604 primum
1210 2516 1461 2604 quidem
1509 2540 1616 2583 eas
1662 2523 1998 2607 potentias,
2043 2542 2208 2609 quae
2251 2542 2486 2585 nomen
2531 2521 2724 2589 modo

525 2618 860 2706 δυνάμεως
902 2623 1170 2700 habent,
1227 2643 1361 2687 non
1407 2627 1735 2689 notionem
1783 2622 2180 2711 (ὁμωνύμως
2221 2630 2345 2705 ⁶6,
2390 2621 2731 2710 ὁμοιότητί

524 2748 657 2791 τινι
695 2729 805 2804 ⁸7,
851 2726 930 2790 cf.
961 2729 1013 2791 A
1044 2729 1149 2792 12.
1186 2729 1390 2792 10191>
1414 2730 1529 2793 33:
1574 2723 1743 2793 κατὰ
1780 2727 2227 2817 μεταφοράν),
2273 2730 2352 2795 ab
2389 2730 2509 2795 hac
2542 2751 2731 2817 quae-

526 2835 739 2895 stione
785 2828 1085 2908 secludit,
1125 2833 1404 2910 ‹6-9,
1455 2831 1535 2896 cf.
1582 2833 1636 2898 A
1677 2830 1720 2895 l.
1765 2830 1816 2897 l}
1897 2833 2081 2917 Quot
2137 2844 2344 2898 autem
2401 2838 2730 2919 potentiae

526 2938 731 3022 ipsam
764 2935 1004 3000 habent
1031 2931 1364 3019 δυνάμεως
1397 2939 1729 3002 notionem
1766 2933 1968 3021 (πρὸς
2001 2930 2080 3000 τὸ
2114 2930 2279 3001 αὐτὸ
2314 2934 2502 3016 εἶδος,
2537 2938 2616 3002 cf.
2648 2937 2731 3004 de

526 3060 708 3105 vocc.
754 3033 1113 3122 ὁμωνύμως
1160 3052 1225 3103 et
1267 3035 1432 3122 πρὸς
1476 3045 1544 3106 ἕν
1591 3039 1675 3104 ad
1716 3040 1784 3103 Γ
1813 3042 1877 3103 2.
1916 3040 2127 3106 1⁰o3a
2156 3042 2302 3120 33),
2351 3062 2464 3105 eae
2510 3061 2731 3109 omnes

527 3144 889 3210 referuntur
933 3140 1014 3206 ad
1058 3144 1412 3227 primariam
1457 3146 1786 3230 potentiae
1830 3146 2177 3222 notionem,
2222 3166 2385 3229 quae
2429 3155 2528 3209 est
2562 3144 2730 3232 ἀρχὴ

529 3246 904 3330 μεταβολῆς
949 3250 1018 3308 ἐν
1064 3238 1243 3328 ἄλλῳ
1286 3239 1332 3324 ἢ
1374 3237 1414 3336 ᾗ
1460 3241 1625 3312 ἄλλο
1669 3249 1820 3327 all,
1868 3247 1945 3314 cf.
1993 3248 2203 3313 1019a
2241 3250 2345 3313 15.
2436 3249 2581 3329 (De
2625 3250 2736 3316 ad-

531 3348 664 3414 dita
710 3347 1014 3435 particula
1059 3341 1105 3427 ἥ
1150 3360 1298 3413 ante
1342 3340 1382 3441 ᾗ
1428 3352 1505 3415 cf.
1546 3352 1628 3417 ad
1670 3355 1878 3418 101911
1905 3355 2051 3433 16.)
2125 3352 2254 3415 Iam
2299 3351 2583 3439 singulas
2620 3373 2734 3439 po-

533 3454 771 3517 tentiae
815 3452 1315 3540 significationes
1360 3457 1448 3519 ita
1496 3467 1835 3535 enumerat,
1879 3467 1953 3520 ut
1995 3458 2061 3519 in
2107 3458 2330 3540 quavis
2364 3459 2573 3521 inesse
2610 3462 2736 3543 pri-

529 3559 788 3621 mariam
831 3560 1160 3642 potentiae
1196 3561 1526 3624 notionem
1569 3569 1874 3647 appareat
1917 3558 2035 3640 (qi.
2065 3569 2228 3644 part.
2261 3560 2573 3626 causalem
2607 3558 2733 3650 γάρ

533 3662 730 3743 all).
822 3660 915 3724 Ita
962 3663 1274 3745 passivam
1316 3667 1686 3749 potentiam,
1727 3664 2086 3741 all—13,
2132 3663 2212 3728 cf.
2263 3665 2472 3728 10191
2509 3665 2625 3743 2⁰,
2673 3676 2737 3730 et

531 3769 736 3850 ipsum
783 3783 925 3828 eum
971 3762 1270 3842 habitum,
1321 3786 1449 3850 quo
1496 3766 1647 3853 quid
1695 3769 2028 3831 mutationi
2069 3770 2136 3832 in
2183 3765 2460 3833 deterius
2506 3772 2739 3834 resistit

535 3865 692 3948 (ἕξις
721 3863 1063 3942 ἀπαθείας
1090 3869 1210 3946 τῆς
1240 3871 1346 3934 ἐπὶ
1375 3863 1454 3933 τὸ
1478 3879 1703 3954 χεῖρον
1731 3871 1865 3936 xri..
1894 3873 2237 3951 «113—15,
2268 3871 2347 3956 cf.
2377 3874 2587 3938 1019a
2605 3875 2738 3952 26),

537 3970 619 4035 ad
656 3972 1000 4056 principem
1035 3970 1204 4036 illam
1241 3977 1572 4038 notionem
1608 3973 1823 4038 refert.
1893 3975 1977 4040 Et
2005 3995 2195 4061 quum
2227 3973 2500 4056 differat,
2531 3990 2738 4044 utrum

536 4073 689 4161 quid
736 4073 1103 4160 simpliciter
1145 4076 1382 4164 agendi
1427 4075 1813 4163 patiendive,
1858 4099 1938 4142 an
1983 4079 2151 4144 bene
2195 4078 2363 4144 idem
2405 4079 2637 4166 agendi
2676 4091 2743 4146 et

535 4177 817 4264 patiendi
864 4182 1216 4263 potentiam
1263 4180 1517 4258 habeat,
1560 4182 1928 4261 alo—19,
1982 4187 2047 4247 in
2092 4184 2192 4247 his
2236 4185 2421 4248 etiam
2468 4187 2738 4249 notioni-

537 4283 657 4348 bus
711 4283 834 4348 τοῦ
884 4283 1098 4359 καλῶς
1146 4278 1489 4348 δύνασθαι
1532 4286 1751 4349 insunt
1793 4287 2095 4352 notiones
2138 4286 2289 4351 illae
2335 4288 2465 4352 τῶν
2508 4290 2735 4376 noers·

538 4409 672 4472 ρων
715 4382 1055 4469 δυνάμεων
1095 4388 1249 4464 als,
1295 4389 1333 4449 i.
1368 4407 1421 4452 e.
1469 4389 1589 4452 τοῦ
1631 4385 1854 4466 ἁπλῶς
1899 4385 2241 4456 δύνασθαι
2282 4397 2494 4456 ποιεῖν
2532 4382 2578 4469 ἢ
2613 4385 2735 4455 πά-

539 4512 733 4576 σχειν,
780 4490 858 4554 cf.
906 4490 1117 4553 10190
1141 4491 1449 4556 21-26.
1525 4493 1917 4574 (Articulum
1964 4495 2081 4560 τοῦ
2124 4505 2271 4560 ante
2315 4495 2572 4560 παθεῖν
2608 4496 2732 4558 σ17
