3109 5175
534 377 630 452 68
1389 375 1464 445 Α
1511 373 1580 447 3.
1655 369 1883 446 984α.

540 551 952 639 ὁμοιομερῶν
990 552 1181 615 artius
1217 548 1696 624 circumscribit:
1743 567 1951 633 neque
1995 547 2159 611 enim
2207 565 2428 611 omnes
2475 567 2581 610 eas
2627 566 2747 624 res,

542 679 707 744 quae
755 653 928 741 quod
976 675 1012 717 e
1058 652 1342 739 partibus
1389 662 1687 718 constant
1730 654 1850 738 ipsi
1895 652 1985 715 rei
2034 649 2337 715 similibus
2370 648 2746 715 Aristoteles

542 780 675 824 uno
734 760 864 840 τῶν
922 753 1330 843 ὁμοιομερῶν
1375 754 1693 821 vooebulo
1740 754 2105 840 complexus
2151 766 2273 832 est,
2336 755 2747 840 Anaxagoras

541 866 605 926 in
651 861 974 946 principiis
1020 881 1225 924 rerum
1272 843 1478 924 soluit
1520 857 1758 934 haberi,
1803 855 1917 921 sed
1963 879 2125 943 quae
2170 866 2235 921 et
2280 855 2387 920 alii
2428 868 2494 920 et
2520 857 2750 942 Empe-

542 963 765 1029 docles
804 965 1113 1050 principia
1151 966 1507 1049 posuerunt
1542 972 1606 1026 et
1638 961 1968 1039 elementa,
2012 972 2240 1025 terram
2278 981 2502 1046 aquam
2538 962 2749 1023 aerem

541 1072 770 1156 ignem,
816 1088 889 1131 ea
934 1070 1322 1152 potissimum
1355 1068 1492 1150 ipse
1523 1087 1599 1129 ex
1630 1067 1924 1129 mistione
1954 1064 2222 1151 quadam
2254 1074 2394 1127 orta
2427 1084 2570 1126 esse
2603 1084 2750 1126 cen-

543 1174 686 1249 suit,
732 1170 809 1234 cf.
858 1170 940 1235 de
979 1169 1167 1234 coelo
1198 1169 1288 1233 ΠΙ
1321 1171 1383 1234 3.
1413 1170 1582 1233 302ae
1605 1170 1719 1233 28:
1760 1163 2207 1254 Ἀναξαγόρας
2246 1165 2300 1232 δ’
2340 1166 2750 1249 Ἐμπεδοκλεῖ

544 1276 853 1350 ἐναντίως
897 1274 1065 1355 λέγει
1106 1275 1254 1358 περὶ
1296 1274 1427 1337 τῶν
1473 1274 1824 1354 στοιχείων.
1894 1267 1930 1336 ὁ
1976 1274 2095 1356 μὲν
2138 1266 2267 1358 γὰρ
2312 1272 2440 1355 πῦρ
2478 1269 2590 1334 καὶ
2622 1269 2749 1352 γῆν

545 1379 655 1442 καὶ
700 1375 783 1441 τὰ
830 1372 1144 1461 σύστοιχα
1189 1370 1444 1452 τούτοις
1489 1373 1780 1461 στοιχεῖά
1814 1397 2019 1462 φησιν
2058 1371 2224 1438 εἶναι
2258 1374 2389 1438 τῶν
2426 1367 2751 1457 σωμάτων

546 1482 654 1544 καὶ
694 1480 1087 1563 συγκεῖσθαι
1117 1475 1310 1543 πάντ’
1344 1484 1414 1542 ἐκ
1450 1474 1712 1555 τούτων,
1744 1474 2192 1564 Ἀναξαγόρας
2224 1478 2292 1541 δὲ
2327 1473 2748 1542 τούναντίον·

544 1577 629 1647 τὰ
673 1575 801 1666 γὰρ
848 1579 1208 1668 ὁμοιομερῆ
1254 1592 1539 1667 στοιχεῖα
1586 1583 1788 1666 (λέγω
1834 1578 1891 1645 δ’
1932 1576 2078 1646 οἷον
2113 1576 2328 1664 σάρκα
2362 1581 2472 1664 καὶ
2510 1576 2752 1643 ὀστοῦν

543 1687 654 1750 καὶ
698 1685 830 1749 τῶν
873 1681 1185 1750 τοιούτων
1230 1689 1561 1764 ἕκαστον),
1608 1680 1775 1768 ἀέρα
1820 1684 1889 1749 δὲ
1931 1686 2045 1748 καὶ
2087 1684 2216 1766 πῦρ
2250 1690 2464 1767 μῖγμα
2499 1676 2751 1746 τούτων

542 1789 653 1853 καὶ
698 1790 828 1852 τῶν
871 1782 1088 1853 ἄλλων
1133 1783 1524 1874 σπερμάτων
1568 1782 1865 1852 πάντων·
1912 1783 2077 1852 εἶναι
2120 1781 2249 1873 γὰρ
2286 1782 2593 1868 ἑκάτερον
2631 1780 2752 1848 αὐ-

543 1893 673 1956 τῶν
701 1888 771 1969 ἐξ
799 1886 1105 1978 ἀοράτων
1140 1889 1550 1981 ὁμοιομερῶν
1584 1885 1850 1955 πάντων
1879 1887 2364 1977 ἠθροισμένων.
2410 1887 2492 1953 de
2527 1908 2750 1976 gener.

543 1996 573 2058 1
613 1997 670 2058 l.
707 1996 876 2058 31⁴⁶
901 1996 1007 2060 24.
1076 1995 1234 2060 Inde
1273 1994 1455 2059 simul
1491 1996 1920 2082 cognoscitur,
1967 1993 2293 2079 quomodo
2332 1990 2748 2080 intelligenda

542 2100 669 2162 sint
705 2098 901 2163 verba
939 2095 1254 2185 καθάπερ
1292 2093 1466 2182 ὕδωρ
1511 2090 1557 2177 ἢ
1599 2099 1727 2181 πῦρ
1765 2099 1931 2174 ⁶143
1978 2118 2112 2162 non
2159 2095 2513 2183 exempla
2562 2095 2752 2159 affert

545 2223 759 2266 earum
800 2223 1010 2266 rerum
1049 2200 1471 2287 ὁμοιομερῶν,
1517 2223 1590 2266 ex
1627 2221 1886 2286 quarum
1926 2204 2220 2266 mistione
2256 2221 2507 2265 onmem
2542 2220 2748 2263 rerum

544 2308 910 2369 varietatem
959 2306 1367 2392 Anaxagoras
1412 2308 1761 2389 repetierit,
1810 2304 1983 2389 quod
2031 2315 2098 2369 et
2140 2314 2458 2392 repugnat
2501 2303 2749 2389 placitis

546 2410 977 2496 Anaxagoreis
1035 2407 1230 2471 modo
1290 2411 1596 2471 enarratis
1655 2429 1862 2493 neque
1909 2430 2023 2493 per
2067 2420 2225 2494 part.
2273 2402 2587 2491 καθάπερ
2632 2404 2748 2470 sed

542 2533 659 2598 per
714 2533 856 2576 voc.
909 2494 1593 2599 olov⁴significandum
1650 2522 1810 2591 erat,
1869 2534 2086 2577 verum
2145 2514 2362 2598 potius
2420 2514 2747 2575 notionem

542 2616 674 2680 τῶν
709 2612 1119 2701 ὁμοιομερῶν
1156 2627 1614 2704 comparata
1656 2638 1856 2701 aquae
1896 2627 1958 2682 et
1994 2619 2160 2704 ignis
2193 2627 2419 2681 natura
2452 2614 2747 2679 illustrat.

543 2720 759 2805 Prope
796 2739 1017 2783 omnes
1056 2717 1197 2783 illas
1237 2741 1356 2798 res,
1401 2724 1501 2799 ait,
1550 2740 1816 2785 numero
1856 2719 2152 2798 infinitas,
2198 2741 2360 2806 quae
2396 2728 2608 2805 partes
2644 2717 2751 2780 ha-

472 2904 479 2910 ,
542 2821 701 2886 bent
743 2826 866 2908 ipsi
910 2824 1003 2886 rei
1051 2822 1286 2888 similes
1331 2823 1603 2888 eundem
1640 2827 1706 2887 in
1741 2823 2013 2902 modum,
2060 2833 2250 2909 atquc
2281 2844 2444 2909 aqua
2475 2832 2539 2887 et
2566 2823 2750 2909 igniS,

543 2927 852 3015 principia
891 2947 1030 2991 esse
1066 2927 1272 2992 voluit
1307 2949 1513 3013 neque
1550 2927 1732 2991 aliam
1770 2931 1890 2991 nisi
1919 2927 2222 2993 miscendi
2253 2938 2318 2993 et
2347 2923 2751 2991 discernendi

541 3032 953 3093 mutationem
1000 3029 1234 3095 subire.
1327 3032 1568 3116 Aquam
1616 3043 1825 3097 autem
1874 3041 1939 3095 et
1981 3034 2195 3118 ignem
2240 3033 2636 3117 potissimum
2663 3014 2752 3094 *ut

543 3131 622 3196 ad
673 3131 1101 3219 explicandam
1144 3133 1276 3197 τῶν
1310 3131 1720 3219 ὁμοιομερῶν
1758 3144 2046 3200 naturam
2088 3135 2433 3213 adhiberet,
2478 3156 2599 3199 nec
2634 3155 2751 3219 po-

542 3239 667 3300 tius
715 3257 937 3301 carnes
985 3257 1130 3300 ossa
1176 3235 1299 3299 alia
1345 3236 1408 3300 id
1455 3259 1660 3324 genus
1707 3250 2132 3316 enumeraret,
2178 3260 2258 3303 eo
2301 3237 2554 3302 videtur
2599 3237 2752 3301 effe-

544 3349 710 3403 ctum
747 3361 902 3418 esse,
940 3338 1113 3426 quod
1148 3342 1588 3428 Anaxagoram
1620 3365 1758 3406 cum
1790 3342 2186 3429 Empedocle
2217 3352 2566 3428 comparat;
2604 3361 2751 3428 pro-

544 3452 766 3530 pterea
820 3445 1237 3531 Anaxagorca
1297 3444 1607 3510 elementa
1669 3451 2046 3533 comparatis
2104 3446 2554 3533 Empedocleis
2611 3444 2753 3509 illu·

541 3558 714 3612 strat.
795 3547 1036 3612 Eadem
1084 3547 1164 3612 de
1213 3570 1400 3613 causa
1447 3553 1811 3615 mutationis
1857 3554 2185 3627 rationem,
2232 3561 2567 3636 antequam
2613 3570 2752 3612 ver-

542 3648 641 3713 bis
687 3652 1015 3736 σνγκρίσει
1055 3654 1165 3718 καὶ
1212 3653 1530 3741 διακρίσει
1589 3652 1933 3733 describat,
1986 3654 2295 3719 adverbio
2354 3649 2522 3720 οὕτω
2578 3651 2752 3717 vidc-

544 3764 649 3818 tur
691 3753 1112 3842 significasse,
1155 3755 1216 3818 h.
1250 3777 1492 3819 e.·eum
1538 3759 1605 3819 in
1651 3756 1938 3837 modum,
1996 3780 2179 3843 quem
2227 3758 2307 3822 ab
2355 3755 2750 3844 Empedocle

540 3859 816 3942 positum
854 3878 992 3922 esse
1026 3858 1221 3923 modo
1259 3857 1402 3935 dixi,
1448 3856 1922 3945 συγκρινόμενα
1956 3862 2066 3926 καὶ
2102 3859 2580 3946 διακρινόμενα.
2642 3859 2748 3927 Cf.

542 3961 767 4025 Breier
810 3959 853 4024 l.
900 3960 940 4024 l.
986 3984 1050 4047 p.
1083 3964 1185 4026 41.
1256 3961 1472 4025 Zeller
1504 3962 1665 4027 Phil.
1705 3963 1763 4027 d.
1805 3964 1919 4029 Gr.
1957 3965 2004 4028 1.
2049 3987 2114 4051 p.
2145 3967 2275 4031 229
2320 3975 2456 4030 not.
2495 4004 2579 4015 —-
2624 3961 2752 4029 Ce-

543 4050 744 4129 terum
776 4063 1134 4128 Aristotelis
1178 4065 1375 4130 verba
1419 4065 1614 4153 plane
1659 4071 2009 4133 concinunt
2053 4091 2191 4133 cum
2228 4073 2382 4157 ipsis
2418 4072 2753 4156 Anaxago-

540 4170 683 4247 reis,
729 4189 891 4254 quae
922 4170 1197 4232 servavit
1225 4168 1441 4255 Simpl.
1476 4169 1559 4234 ad
1593 4171 1699 4236 Ar.
1730 4171 1925 4257 Phys.
1955 4171 2129 4238 3412:
2174 4167 2249 4239 τὸ
2290 4175 2358 4238 δὲ
2395 4174 2754 4257 γίγνεσθαι

540 4273 654 4337 καὶ
708 4267 1140 4337 ἀπόλλυσθαι
1196 4268 1314 4337 οὐκ
1366 4270 2019 4358 ὀρθῶςνομίζουσιν
2063 4280 2126 4341 οἱ
2160 4274 2500 4357 “Est-inne·
2560 4273 2751 4342 οὐδὲν

539 4370 669 4460 γὰρ
700 4377 928 4461 χρῆμα
963 4376 1212 4458 γίνεται
1246 4372 1384 4442 οὐδ’
1425 4372 1807 4455 ἀπόλλυται,
1852 4375 1997 4442 ἀλλ’
2038 4375 2172 4445 ἀπὸ
2215 4377 2458 4447 ἐόντων
2487 4375 2748 4464 χρημά-

538 4500 672 4543 των
715 4480 1151 4563 συμμίσγεται
1190 4503 1259 4545 τε
1302 4482 1415 4546 καὶ
1459 4480 1876 4570 διακρίνεται.
1965 4484 2079 4548 καὶ
2136 4481 2341 4561 οὕτως
2389 4477 2488 4550 ἂν»
2521 4482 2749 4573 ὀρθῶς
