3109 5175
1146 414 1251 484 M
1289 409 1361 484 9.
1446 409 1712 485 10856.
2394 344 2567 490 563.

326 605 672 672 suspensus
719 596 819 650 est
860 584 942 650 ab
989 579 1315 672 ὕστερον..
1358 587 1762 655 Posteriores
1807 609 1950 655 esse
1983 610 2086 654 res
2116 594 2538 677 geometricas

325 690 518 756 rebus
547 690 967 769 arithmeticis,
1004 689 1082 755 cf.
1118 689 1197 755 ad
1232 691 1299 755 A
1329 694 1391 758 2.
1421 694 1592 758 982³
1616 694 1722 758 26.
1749 728 1831 742 -
1857 695 1998 758 «20
2029 689 2236 758 ταύτό
2269 716 2342 759 τε
2375 716 2538 779 συμ-

324 794 545 877 βαίνει
595 803 737 871 τοῖς
790 795 941 882 περὶ
996 789 1115 860 τὸν
1170 791 1501 882 ἀριθμόν,
1562 800 1603 862 i.
1635 818 1691 861 e.
1737 791 1943 862 ταύτό
1985 818 2057 861 τε
2102 796 2455 881 συμβαίνει
2498 793 2538 864 ὃ

323 900 438 964 καὶ
478 899 626 984 περὶ
671 891 791 964 τὸν
833 893 1137 987 ἀριθμὸν
1179 900 1544 984 συμβαίνει,
1591 897 1758 967 ὅταν
1797 923 1896 977 τις
1929 898 2018 965 τὰ
2055 903 2186 966 τῶν
2222 898 2540 987 ἀριθμῶν

323 998 525 1080 πάθη
570 999 657 1078 ὡς
700 997 912 1089 ἀρχὰς
955 1004 1073 1092 θῇ,
1118 1002 1198 1067 cf.
1239 1002 1416 1069 Alex.
1462 1027 1525 1090 p.
1561 1007 1706 1082 757,
1744 1005 1849 1070 14.
1925 1004 2135 1070 Schw.
2182 1003 2357 1090 quod
2397 1014 2540 1082 τοῖς

324 1127 471 1193 gen.
518 1126 707 1172 masc.
754 1128 897 1171 esse
947 1117 1157 1194 putat,
1212 1108 1588 1193 perturbare
1633 1107 1888 1173 videtur
1929 1111 2384 1175 sententiarum
2427 1128 2540 1172 ne*

322 1232 497 1285 xum;
558 1211 989 1275 arithmeticae
1049 1213 1215 1274 enim
1272 1233 1374 1276 res
1430 1232 1552 1299 pro
1600 1210 1889 1298 exemplo
1937 1221 2185 1278 tantum
2217 1209 2540 1276 adhiben-

323 1325 445 1379 tur.
487 1350 570 1361 —
620 1315 759 1378 «228
803 1311 887 1378 οὐ
926 1309 1165 1397 ῥᾴδιον
1207 1315 1404 1378 λῦσαι
1446 1317 1586 1381 κτλ..
1661 1315 1913 1382 Similes
1955 1314 2264 1383 formulas
2298 1317 2540 1380 Aristo-

324 1415 437 1482 teli
483 1420 742 1482 usitatas
788 1416 1057 1504 collegit
1101 1417 1342 1481 Waitz
1370 1418 1536 1507 Org.
1583 1421 1665 1485 8⁰
1700 1421 1805 1486 29.

457 1608 2539 1699 5)E2pltem·inonpoeoe‚quomodoeaeunumetnnu‡

324 1713 551 1782 tudine
606 1713 1084 1883 numen-igni
1140 1721 1205 1778 et
1250 1735 1335 1778 ex
1383 1713 1707 1782 similibus
1740 1716 2097 1802 principiis
2138 1715 2538 1802 magn-undu·-

442 1819 889 1896 Ausoba-

406 1839 644 2001 ⁸‚Plato
689 1934 770 2019 (ὁ
815 1936 887 2002 δέ
927 1938 1057 2016 bo)
1112 1936 1438 2003 materiale
1493 1958 1901 2004 numerorum
1957 1939 2338 2024 principium
2396 1959 2539 2003 esse

325 2050 633 2107 statuerat
662 2039 940 2126 dyadem
974 2038 1372 2105 indefinitam
1406 2035 1527 2122 (τὰ
1561 2041 1826 2128 πρῶτον
1853 2040 2127 2120 πλῆθος
2162 2043 2319 2123 δ9);
2359 2043 2539 2106 cuius

324 2148 394 2210 in
450 2143 664 2210 locum
723 2142 903 2231 quod
962 2164 1035 2208 ex
1082 2142 1427 2210 Platonicis
1471 2143 1726 2232 quidam
1771 2141 1851 2225 (ὁ
1896 2146 2016 2229 μέν
2051 2145 2181 2226 bv)
2238 2147 2539 2212 universo

325 2247 790 2314 multitudinem
846 2246 1331 2328 substitueram,
1379 2267 1619 2314 nomen
1663 2269 1874 2335 neque
1918 2250 2119 2335 ipsam
2163 2270 2298 2316 rem
2342 2257 2540 2314 muts-

324 2361 579 2432 verant,
626 2351 704 2417 cf.
738 2353 817 2418 N
838 2353 897 2417 l.
936 2352 1140 2417 198Ίὸ
1168 2353 1281 2428 18;
1341 2373 1486 2417 nam
1532 2363 1599 2418 et
1642 2351 1857 2439 dyade
1901 2351 2010 2417 illa
2061 2362 2127 2417 et
2167 2352 2291 2416 hac
2330 2350 2541 2417 multi-

326 2455 551 2522 tudine
593 2453 987 2545 significatur
1030 2453 1365 2520 indefinita
1426 2455 1704 2544 augendi
1751 2454 2271 2542 diminuendique
2312 2465 2541 2543 poten-

326 2563 431 2641 tia,
477 2561 554 2626 cf.
587 2559 668 2626 ad
699 2558 772 2625 A
798 2561 863 2625 6.
893 2560 1056 2625 987⁶
1084 2559 1188 2624 18.
1263 2560 1445 2624 Hanc
1485 2557 1951 2625 vocabulorum
1995 2561 2120 2624 vim
2162 2578 2540 2645 quamquam

325 2665 385 2731 h.
418 2665 461 2730 l.
506 2685 716 2750 neque
763 2666 1023 2749 exponit
1053 2665 1159 2727 Ar.
1206 2684 1415 2748 neque
1459 2667 1735 2749 respicit,
1780 2661 2050 2728 eandem
2095 2673 2270 2727 certe
2312 2667 2540 2727 utrius-

327 2788 451 2855 que
495 2769 849 2832 senteutiae
895 2787 1035 2831 esse
1076 2769 1390 2831 rationem
1435 2777 1502 2830 et
1541 2766 1766 2832 iisdem
1824 2776 2157 2853 utramque
2202 2765 2541 2832 difficulta-

327 2870 497 2937 tibus
529 2870 868 2936 obnoxiam
902 2870 1073 2949 dicit,
1110 2873 1249 2934 sive
1286 2871 1425 2955 quis
1462 2880 1697 2935 certam
1732 2869 2047 2956 quandam
2074 2868 2538 2936 multitudinem

327 2975 680 3063 (dyadem,
736 2996 1033 3063 magnum
1085 2984 1151 3038 et
1194 2978 1501 3060 parvum)
1561 2976 1696 3038 sive
1754 2976 2022 3039 omnino
2078 2971 2541 3040 multitudinem

324 3101 448 3167 pro
493 3083 810 3168 principio
856 3082 1162 3166 posuerit,
1206 3080 1355 3144 blo.
1444 3078 1817 3164 Sequuntur
1863 3081 2046 3154 enim,
2098 3080 2206 3158 ait,
2244 3077 2394 3154 1211,
2439 3077 2542 3155 12,

326 3185 447 3250 hae
479 3184 891 3251 difficultates
923 3205 1077 3271 quas
1109 3204 1299 3268 supra
1331 3185 1742 3268 exposuimus
1773 3185 1834 3248 7.
1867 3184 2079 3249 loma
2103 3183 2192 3247 20
2222 3184 2335 3265 (αἱ
2370 3178 2542 3246 ἀπο·

326 3291 469 3378 ρίαι
513 3278 712 3355 αὗται
754 3281 1299 3366 ἀκολουθήσουσι
1337 3287 1486 3365 611,
1532 3307 1902 3373 quamquam
1951 3295 2283 3373 exspectes
2326 3288 2542 3372 potius

328 3391 564 3457 dictum
613 3413 753 3457 esse
798 3395 871 3456 αἱ
914 3388 1193 3477 ἀπορίαι
1236 3392 1309 3454 αἱ
1355 3386 1625 3472 αὐταί),
1683 3403 1892 3456 utrum
1949 3394 2246 3456 mistione
2299 3411 2382 3454 an
2425 3408 2542 3474 po-

326 3497 565 3562 sitione
621 3516 705 3560 an
762 3494 885 3561 alia
940 3494 1208 3580 quadam
1252 3495 1503 3557 ratione
1547 3495 1793 3558 numeri
1840 3515 1917 3559 ex
1959 3495 2289 3580 principiis
2336 3494 2543 3557 orian-

329 3611 450 3666 tur.
486 3637 565 3651 -
599 3597 875 3679 Deinde,
910 3599 1260 3676 ὂ12-21,
1290 3595 1464 3662 unde
1493 3618 1687 3684 supra
1714 3600 1838 3660 iam
1868 3596 2168 3683 plurimas
2201 3599 2545 3682 repetierat

328 3702 650 3771 refutandi
686 3707 987 3783 rationes,
1031 3702 1110 3768 cf.
1142 3726 1205 3790 p.
1228 3703 1360 3769 553
1389 3711 1547 3779 not„
1592 3703 1658 3766 in
1690 3704 1903 3788 spinas
1933 3699 2180 3766 inducit
2209 3699 2374 3764 hano
2399 3718 2545 3765 sen-

328 3814 593 3876 tentiam
624 3830 724 3890 eo,
757 3804 933 3895 quod
961 3829 1096 3874 non
1130 3808 1376 3894 quaerit
1406 3827 1543 3869 eum
1562 3804 1916 3870 Platonicis
1942 3802 2267 3891 quomodo
2297 3804 2544 3868 numeri

331 3934 406 3979 ex
453 3915 547 3979 his
591 3916 920 4001 principiis
966 3916 1093 3978 orti
1139 3932 1278 3977 esse
1321 3917 1656 3996 putentur,
1711 3908 1830 3974 sed
1881 3906 2209 3996 quomodo
2256 3904 2545 3995 singulo-

328 4039 468 4083 rum
513 4038 918 4085 numerorum
962 4018 1256 4083 unitates.
1331 4016 1470 4079 Hae
1516 4016 1684 4079 enim
1729 4016 2004 4078 unitates
2045 4032 2181 4078 non
2223 4021 2373 4077 sunt
2403 4032 2544 4076 eae-

331 4120 475 4185 dem
522 4134 712 4208 atque
759 4124 895 4207 ipsa
951 4124 1157 4185 unitas
1214 4117 1608 4207 principalis,
1665 4139 1792 4183 nec
1844 4138 2004 4183 vero
2058 4116 2230 4183 idem
2275 4127 2425 4183 sunt
2469 4137 2547 4181 ac

329 4222 672 4290 multitudo
718 4224 1117 4312 principalis,
1174 4245 1296 4289 nec
1338 4223 1616 4310 denique
1659 4221 1987 4301 videntur,
2044 4231 2276 4309 utpote
2318 4219 2545 4285 indivi—

244 4392 251 4405 ,
334 4326 521 4406 duae,
562 4327 748 4393 huius
792 4327 1210 4393 multitudinis
1254 4340 1466 4414 partes
1513 4348 1655 4394 esse
1697 4346 1908 4414 posse,
1954 4337 2025 4392 ut
2057 4324 2236 4391 nulla
2265 4322 2544 4409 denique

332 4433 497 4497 ratio
543 4435 849 4519 supersit,
905 4453 1026 4519 qua
1075 4452 1149 4498 ex
1194 4452 1325 4497 uno
1374 4444 1437 4499 et
1478 4430 1885 4499 multitudiue
1929 4432 2204 4495 unitates
2248 4447 2542 4493 numero-

330 4556 471 4602 rum
526 4547 911 4624 repetamus.
961 4572 1042 4590 -—
1102 4536 1428 4623 Denique,
1483 4554 1622 4605 non
1679 4554 1910 4601 curans
1966 4531 2145 4620 quod
2196 4529 2542 4598 multitudi-

2031 4640 2098 4694 36
2116 4637 2140 4664 ‘
