3109 5175
554 356 699 432 342
1360 359 1436 427 Ζ
1485 353 1596 427 12.
1679 353 1867 429 1037
1884 355 1947 427 b.

554 553 763 596 rerum
807 532 1382 597 matbematicarum
1424 533 1686 595 materia
1729 530 1808 596 cf.
1856 529 1938 595 ad
1982 530 2083 593 10.
2125 530 2335 594 1036a
2364 529 2482 605 11;
2525 523 2759 607 κύκλος

555 630 861 699 καθόλου
902 673 992 688 -
1034 633 1200 700 καθ’
1239 640 1501 712 ἕκαστα,
1544 634 1625 698 cf.
1674 636 1776 700 10.
1826 635 2036 700 10354
2065 634 2153 701 34
2197 654 2333 718 sqq.
2381 669 2468 682 -—
2508 634 2595 696 ol
2642 633 2757 696 καὶ

553 732 804 818 παντὸς
843 740 977 803 κτλ.
1068 737 1257 822 Quae
1298 738 1495 802 verba
1540 737 1776 802 Brand.
1825 750 1891 802 et
1933 735 2137 802 Bekk.
2184 757 2259 800 ex
2302 757 2436 800 uno
2482 733 2626 800 eod.
2667 734 2758 798 Ab

555 842 620 904 in
666 851 901 905 textum
945 853 1344 927 receperunt,
1391 862 1482 919 ea,
1533 844 1832 926 quoniam
1876 841 2418 926 interpretationis
2460 838 2761 903 videntur

556 947 832 1030 speciem
898 945 1166 1020 referre,
1237 947 1548 1030 repetitae
1611 944 1886 1008 fortasse
1952 964 1990 1008 e
2058 946 2510 1007 commentario
2580 941 2758 1007 Alex.

555 1070 618 1132 p.
651 1049 800 1126 483,
842 1050 946 1127 30,
992 1050 1238 1112 uncinis
1281 1046 1668 1113 secludenda
1713 1049 1949 1133 putavi.

693 1153 902 1217 1037a
945 1154 1030 1217 10
1072 1147 1424 1237 πότερον
1472 1186 1552 1201 -
1598 1151 1688 1216 20
1730 1146 2092 1234 ὕστερον.
2182 1146 2504 1232 Quoniam
2550 1147 2760 1213 adhuc

557 1251 640 1317 de
680 1257 756 1318 iis
797 1254 1168 1321 notionibus
1207 1252 1569 1340 disputavit,
1613 1274 1777 1339 quae
1815 1275 1952 1317 cum
1992 1251 2278 1317 sensibili
2316 1254 2577 1315 materia
2617 1271 2761 1315 coa-

557 1355 843 1435 luerunt,
900 1361 1333 1443 quaestionem
1392 1377 1729 1441 superesse
1788 1355 1940 1420 dicit
1994 1355 2143 1420 huic
2199 1353 2570 1440 disciplinae
2612 1374 2761 1441 pro-

558 1461 789 1545 priam,
856 1482 1004 1524 num
1071 1480 1236 1545 quae
1303 1460 1431 1523 sint
1495 1463 1795 1524 notiones
1861 1481 1981 1545 per
2040 1479 2111 1523 se
2170 1469 2236 1524 et
2293 1457 2616 1534 absolute,
2680 1455 2760 1520 cf.

565 1561 625 1626 Θ
656 1564 758 1628 10.
803 1567 879 1629 A
892 1590 913 1644 ,-
958 1562 1117 1627 haec
1160 1565 1325 1627 enim
1373 1548 1661 1647 quaestib
1708 1583 1837 1648 quo
1882 1561 2130 1627 facilius
2176 1561 2503 1627 dirimatur
2545 1558 2668 1640 (cf.
2697 1560 2761 1625 3.

562 1666 770 1730 1029a
801 1668 927 1745 33)
974 1665 1054 1730 de
1099 1664 1290 1730 rebus
1334 1686 1475 1729 cnm
1521 1670 1781 1729 materia
1827 1668 2143 1731 concretis
2187 1651 2510 1749 bucusque
2551 1661 2764 1749 dispu-

559 1778 753 1833 tatum
803 1790 958 1846 esse,
1007 1790 1165 1855 quas
1208 1771 1596 1855 investigare
1640 1769 1944 1854 physicae
1989 1772 2200 1855 potius
2245 1771 2331 1832 sit
2374 1765 2762 1851 disciplinae.

560 1910 650 1921 —
690 1874 824 1936 «117
870 1874 988 1951 τῆς
1029 1866 1198 1936 κατὰ
1236 1865 1356 1936 τὸν
1389 1867 1610 1955 λόγον,
1654 1872 1733 1936 cf.
1781 1871 1860 1936 ad
1892 1874 1961 1936 E
1986 1875 2043 1937 1.
2079 1873 2280 1937 1⁰25b
2308 1873 2413 1936 27.
2445 1905 2534 1918 --
2578 1869 2765 1934 Prae-

558 1985 734 2039 terea
777 1996 965 2061 quum
1012 1996 1085 2038 ex
1129 1972 1418 2060 pluribus
1464 1974 1751 2059 partibus
1797 1996 1982 2040 unam
2030 1974 2171 2039 fieri
2216 1978 2546 2039 notionem
2585 1972 2766 2037 intel·

557 2077 788 2143 lectum
835 2082 932 2155 sit,
977 2080 1314 2161 quaeritur,
1358 2076 1686 2163 quomodo
1734 2077 1852 2142 hae
1895 2077 2110 2165 plures
2145 2087 2361 2163 partes
2397 2098 2590 2142 unum
2630 2074 2765 2141 effi-

560 2184 744 2258 ciant,
789 2179 962 2266 quod
1007 2184 1296 2267 proximo
1346 2184 1550 2266 capite
1598 2184 1932 2256 excutiam
1982 2191 2046 2246 et
2081 2203 2271 2266 quum
2310 2183 2611 2245 unitatem
2648 2199 2765 2244 no-

559 2287 754 2348 tionis
801 2304 874 2347 ex
920 2287 1009 2347 rei
1059 2287 1298 2348 unitate
1340 2287 1545 2369 repeti
1593 2295 2089 2349 consentaneum
2132 2287 2242 2362 sit,
2300 2282 2524 2348 eadem
2576 2304 2767 2368 quae-

558 2389 682 2450 stio
742 2386 824 2450 de
881 2391 1016 2473 ipsa
1076 2407 1145 2450 re
1202 2389 1421 2451 oritur.
1513 2388 1649 2464 (Ex
1701 2388 1819 2451 bac
1862 2389 2393 2473 interpretatione
2437 2396 2503 2450 et
2546 2384 2767 2450 distin-

560 2493 835 2554 ctionem
881 2512 917 2553 a
965 2487 1264 2554 Bekkero
1311 2491 1658 2554 institutam
1699 2493 1851 2567 019,
1896 2494 2016 2572 20,
2070 2501 2136 2556 et
2189 2498 2520 2555 accentum
2576 2509 2764 2574 pron.

557 2595 688 2659 τίνι
729 2596 867 2659 ⁶20
911 2595 1207 2674 mutavi.)
1294 2594 1449 2658 Eam
1495 2615 1628 2659 rem
1671 2596 2018 2683 investigat
2060 2598 2151 2660 H
2184 2597 2247 2660 6.

692 2699 901 2762 1037a
938 2697 1021 2761 21
1070 2697 1147 2760 τί
1189 2699 1333 2780 μὲν
1380 2733 1461 2748 -
1499 2701 1580 2763 ὸ7
1629 2693 2170 2783 συμβεβηκός.
2260 2700 2488 2764 Paucis
2531 2699 2596 2761 in
2642 2716 2768 2761 me·

557 2803 819 2863 moriam
865 2810 1153 2877 revocat,
1211 2821 1375 2885 quae
1421 2800 1570 2865 inde
1618 2822 1653 2864 a
1700 2813 1925 2888 quarto
1972 2802 2157 2867 huius
2203 2801 2347 2866 libri
2390 2803 2600 2886 capite
2645 2799 2767 2864 dis·

513 2956 520 2963 .
557 2912 775 2987 putata
821 2913 986 2968 sunt.
1069 2904 1203 2968 «121
1251 2906 1316 2967 τί
1363 2941 1441 2955 -
1490 2907 1580 2970 22
1626 2903 1892 2987 εἴρηται,
1937 2906 2015 2970 cf.
2064 2927 2198 2990 cap.
2240 2907 2300 2970 4.
2352 2940 2431 2954 -
2475 2904 2612 2967 ⁶22
2657 2903 2769 2967 καὶ

558 3000 667 3071 διὰ
711 3007 778 3070 τί
819 3046 896 3059 -
939 3008 1026 3071 26
1072 3001 1369 3084 συνόλης,
1413 3006 1491 3070 cf.
1525 3028 1664 3092 cap.
1691 3010 1792 3085 10,
1825 3011 1927 3073 11.
1979 3045 2059 3060 —-
2100 3008 2234 3071 ³26
2280 3002 2521 3098 ταύτης
2558 3044 2644 3056 -
2679 3006 2766 3070 29

557 3104 782 3186 λόγος,
829 3108 908 3172 cf.
958 3109 1061 3171 10.
1109 3109 1319 3173 10368
1357 3110 1400 3173 2
1446 3130 1581 3194 sqq.
1631 3144 1711 3158 —
1756 3112 1895 3175 «30
1936 3117 2008 3175 ἐκ
2052 3105 2181 3197 γὰρ
2229 3148 2311 3161 -
2358 3112 2445 3176 33
2488 3105 2641 3188 ὕλη,
2670 3109 2767 3173 cf.

559 3233 695 3296 cap.
733 3213 795 3274 5.
846 3248 926 3261 —
977 3212 1114 3275 «133
1157 3213 1269 3276 καὶ
1314 3208 1418 3277 ὅτι
1465 3249 1545 3263 -
1594 3214 1679 3277 ὺ5
1724 3210 1806 3278 οὐ
1848 3211 2082 3291 ταύτό,
2143 3214 2221 3277 cf.
2275 3236 2412 3298 cap.
2448 3216 2510 3277 6.
2558 3248 2639 3263 —
2681 3214 2766 3277 125

558 3309 698 3379 οὐδ’
739 3307 872 3378 ὅσα
916 3350 1001 3362 -
1051 3317 1087 3379 7
1136 3310 1567 3399 συμβεβηκός,
1612 3315 1692 3380 cf.
1738 3319 1799 3381 6.
1848 3320 2057 3382 10310
2097 3316 2400 3383 19—28.
2447 3351 2533 3365 —-
2579 3315 2768 3400 Quae

561 3439 598 3483 e
642 3427 816 3482 textu
858 3415 1272 3483 Bekkeriano
1317 3423 1569 3498 mutavi,
1612 3423 1694 3485 bl
1744 3414 1911 3485 εἶναι
1953 3422 2088 3484 καὶ
2134 3423 2429 3495 ἕκαστον,
2465 3421 2550 3485 ⁶4
2594 3416 2767 3508 ὕλῃ,

557 3523 638 3586 ὀ5
685 3518 829 3586 οὐδ’
869 3517 909 3588 ὅ
924 3542 1057 3601 σοι,
1102 3543 1178 3586 ea
1225 3523 1664 3589 commendavi
1694 3523 1857 3590 Obs.
1902 3547 1969 3610 p.
1999 3524 2307 3588 95-97.
2373 3521 2501 3586 Pro
2534 3546 2592 3587 v.
2622 3517 2770 3600 ὅσα,

558 3624 735 3711 quod
775 3628 864 3690 ⁶5
908 3629 1163 3706 inserui,
1208 3626 1716 3693 Winckelmann
1753 3630 1819 3691 in
1858 3613 2124 3692 censura
2158 3625 2362 3690 libelli
2394 3627 2519 3690 mei
2559 3623 2770 3706 (Jahn

554 3727 777 3793 Jahrb.
810 3731 1004 3795 1843.
1052 3732 1156 3809 39,
1186 3732 1247 3795 3.
1279 3753 1342 3817 p.
1377 3733 1547 3811 288)
1594 3729 2091 3818 probabiliorem
2140 3751 2282 3795 esse
2323 3739 2505 3816 putat
2546 3730 2770 3795 articu-

558 3830 688 3896 lum
732 3827 840 3910 τά,
885 3835 972 3898 ita
1018 3844 1089 3898 ut
1134 3831 1478 3899 scribatur:
1522 3831 1672 3900 οὐδὲ
1714 3826 1801 3899 τὰ
1844 3828 2015 3898 κατὰ
2060 3833 2257 3919 συμβ.

1431 4090 1661 4167 CAP.
1727 4092 1900 4169 XII.

700 4233 838 4311 Qui
856 4235 1000 4322 fiat
1042 4243 1115 4299 ut
1158 4256 1357 4299 unm
1398 4238 1489 4301 sit
1531 4235 1610 4300 id
1649 4239 1836 4303 cuiue
1878 4237 2178 4327 definitio
2222 4232 2497 4324 ὁρισμός
2540 4245 2658 4302 eat.

693 4350 1107 4416 Definitionis
1152 4356 1455 4418 unitatem
1501 4357 1802 4440 quoniam
1846 4355 2259 4443 repetendam
2310 4377 2452 4421 esse
2496 4354 2652 4421 dixit
2695 4374 2772 4419 ex

559 4455 806 4519 unitate
851 4457 986 4519 eius
1030 4459 1124 4522 rei
1166 4478 1331 4544 quae
1371 4456 1732 4540 definiatur,
1776 4460 1853 4526 cf.
1895 4463 1996 4526 ll.
2037 4461 2247 4527 1⁰:37⁶
2273 4462 2375 4540 19,
2418 4461 2541 4525 iam
2580 4480 2772 4546 quae-
