3109 5175
560 351 658 427 64
1406 353 1483 424 A
1531 349 1600 422 3.
1675 347 1901 423 983b.

561 551 700 594 rum
760 529 1138 616 cogitaverit
1182 524 1562 591 Aristoteles
1607 523 1868 590 dubium
1915 533 2030 589 est.
2119 522 2189 588 Si
2235 524 2374 608 quis
2423 521 2768 588 contulerit

562 632 724 698 Plat.
762 630 1011 717 Cratyl.
1046 654 1108 717 p.
1142 630 1355 695 4o2b:
1401 623 1619 714 ὥσπερ
1666 619 1753 693 αὖ
1783 624 2075 713 Ὅμηρος
2112 620 2426 690 Ὠκεανόν
2468 648 2538 690 τε
2581 628 2769 691 θεῶν

561 739 814 821 γένεσίν
869 754 1038 826 φησι
1090 736 1204 799 καὶ
1257 735 1509 817 μητέρα
1568 727 1837 812 Τηθύν·
1898 728 2085 814 οἶμαι
2138 729 2208 795 δὲ
2253 730 2367 795 καὶ
2415 725 2766 804 ‘Humag-

562 840 731 924 λέγει
774 840 845 904 δέ
887 860 1017 903 που
1058 838 1171 902 καὶ
1207 832 1508 926 Ὀρφεύς,
1553 831 1658 901 ὅτι

1009 953 1270 1018 'sensurae
1306 955 1512 1029 πρῶτος
1546 959 1858 1028 καλλίρροος
1891 947 2008 1026 ἦρξε
2043 953 2257 1024 γάμοιο,

1014 1040 1074 1104 ὅς
1108 1046 1181 1114 ῥα
1215 1041 1530 1113 κασιγνήτην
1568 1041 1884 1115 ὁμομήτορα
1920 1041 2104 1110 Τηθὺν
2141 1035 2311 1102 ὄπυιε,

563 1147 648 1213 de
679 1146 949 1233 Orpheo
981 1157 1046 1211 et
1072 1146 1359 1213 Hesiodo
1393 1150 1661 1234 cogitari
1691 1142 2118 1231 probabiliter
2154 1144 2473 1207 coniiciet.
2531 1139 2766 1225 Quam-

565 1272 748 1336 quam
794 1262 1126 1336 utrumque
1170 1250 1551 1315 dubitationi
1598 1249 1942 1313 obnoxium
1989 1256 2103 1310 est.
2169 1247 2417 1311 Versus
2449 1247 2615 1310 enim
2645 1244 2771 1311 Or·-

562 1355 761 1441 phici,
804 1372 965 1438 quos
1010 1353 1194 1418 Plato
1240 1354 1450 1431 affert,
1505 1373 1638 1416 non
1684 1350 1765 1415 ad
1810 1355 2014 1437 ipsum
2061 1353 2494 1437 generationis
2541 1347 2772 1434 princi-

502 1466 519 1474 '
561 1460 735 1544 pium
784 1458 1125 1541 pertinent,
1170 1456 1284 1521 sed
1333 1479 1370 1521 e
1413 1455 1621 1520 media
1669 1457 1803 1519 eius
1848 1453 2199 1540 theogonia
2244 1462 2392 1518 sunt
2436 1453 2642 1538 petiti,
2686 1449 2767 1514 οἱ.

564 1558 833 1624 Lobeck
877 1557 1189 1646 Aglaoph.
1237 1583 1300 1646 p.
1333 1561 1483 1625 508.
1555 1555 1831 1648 Brandis
1863 1556 2096 1622 Gescb.
2142 1557 2191 1621 1.
2236 1579 2300 1643 p.
2332 1557 2448 1631 62;
2494 1563 2771 1618 attamen

565 1685 755 1749 quum
800 1665 972 1726 varie
1017 1662 1418 1728 traderentur
1462 1661 1746 1748 Orphica
1804 1659 1887 1724 de
1946 1661 2195 1746 origine
2252 1658 2474 1724 mundi
2522 1656 2773 1743 placita,

564 1787 700 1831 non
735 1764 1015 1844 defuere,
1050 1769 1155 1850 qui
1190 1788 1411 1851 aquam
1450 1784 1570 1851 pro
1606 1766 1922 1849 principio
1957 1767 2230 1848 positam
2268 1783 2408 1826 esse
2441 1760 2773 1836 referrent,

566 1870 645 1933 cf.
676 1868 838 1933 Lob.
874 1892 936 1954 p.
971 1869 1117 1933 484.
1184 1868 1457 1933 Brandis
1498 1891 1562 1954 p.
1594 1869 1700 1931 66.
1768 1867 1911 1931 Nec
1942 1871 2151 1931 minor
2186 1863 2499 1930 dubitatio
2535 1861 2616 1927 de
2645 1864 2774 1926 He·—

564 1971 782 2049 siodo,
828 1993 1011 2058 quem
1058 1994 1246 2037 unum
1304 1981 1559 2059 praeter
1605 1973 1948 2037 Homerum
1991 1972 2221 2056 respici
2265 1967 2441 2033 Alex.
2490 1966 2569 2032 ad
2616 1966 2678 2030 h.
2723 1963 2768 2031 l.

565 2085 813 2151 censet3
857 2074 1206 2140 Hesiodum
1247 2078 1415 2139 enim
1455 2085 1706 2140 constat
1744 2096 1876 2139 non
1918 2074 1996 2139 ab
2034 2092 2196 2158 aqua
2236 2070 2353 2135 sed
2390 2092 2426 2135 a
2472 2070 2631 2134 chao
2673 2090 2774 2133 re-

564 2198 701 2242 rum
751 2180 1026 2242 omnium
1075 2180 1387 2265 originem
1427 2182 1775 2264 repetiisse.
1844 2176 2099 2262 Quodsi
2131 2178 2272 2261 quis
2303 2196 2442 2239 cum
2473 2171 2773 2259 Schweg·

563 2278 737 2358 lero,
797 2300 946 2344 usus
994 2281 1304 2366 opinione
1348 2302 1599 2360 eorum,
1660 2284 1765 2367 qui
1804 2276 1971 2366 χάος
2013 2301 2047 2342 a
2095 2278 2296 2343 verbo
2337 2277 2614 2362 χεῖσθαι
2655 2273 2772 2342 du-

566 2393 733 2447 ctum
780 2392 1193 2468 putaverunt,
1238 2387 1329 2448 sic
1372 2384 1642 2449 Hesiodi
1690 2383 1918 2470 placita
1964 2404 2104 2448 cum
2151 2380 2437 2446 doctrina
2482 2376 2770 2443 Thaletis

568 2485 908 2551 conciliare
951 2485 1217 2565 studeat,
1262 2491 1316 2551 is
1363 2509 1594 2551 vereor
1637 2508 1718 2551 ne
1763 2508 1886 2551 nec
1927 2505 2080 2550 vere
2125 2505 2246 2549 nec
2289 2505 2370 2548 ex
2411 2480 2770 2548 Aristotelis
2809 2509 2832 2547 a.

565 2592 881 2654 sententia
927 2590 1219 2677 disputet,
1264 2592 1343 2656 cf.
1372 2590 1538 2656 Lob.
1579 2615 1642 2678 p.
1677 2593 1806 2656 472
1842 2613 1971 2676 sqq.
2038 2588 2169 2653 Sed
2216 2608 2351 2652 non
2396 2597 2509 2665 est,
2554 2587 2772 2650 curin

568 2712 706 2755 eam
750 2714 881 2756 rem
927 2692 1216 2759 subtilius
1264 2697 1676 2781 inquiramus3
1722 2694 1864 2760 fieri
1909 2696 2075 2758 enim
2118 2694 2330 2777 pssotuit
2361 2702 2433 2754 ut
2463 2691 2770 2753 Aristote—

566 2794 661 2860 les
708 2795 792 2860 de
836 2798 1278 2882 antiquissimis
1322 2801 1535 2883 poetis
1583 2801 1878 2862 universe
1911 2797 2164 2860 locutus
2198 2797 2302 2857 vix
2337 2803 2548 2857 certos
2581 2812 2773 2877 quos-

566 2897 711 2963 dam
757 2903 895 2986 ipse
941 2902 1004 2963 in
1052 2912 1262 2965 mente
1306 2900 1584 2977 haberet,
1634 2901 1712 2965 cf.
1748 2899 1911 2964 Lob.
1949 2922 2010 2985 p.
2042 2896 2175 2963 488
2217 2906 2368 2977 not'z,
2412 2895 2518 2960 vel
2558 2915 2776 2958 recor-

567 3000 754 3068 datus
796 3001 905 3066 illa
949 3000 1276 3066 Platonica
1321 3001 1514 3066 verba
1564 3024 1600 3067 c
1646 2988 1921 3088 Cratylo
1957 3023 2124 3067 ·nnm
2167 3011 2342 3065 recte
2382 2996 2775 3063 adhibuisset

567 3104 751 3169 Plato
784 3103 1114 3188 Orpheum
1153 3115 1216 3168 et
1243 3104 1593 3169 Hesiodum
1631 3126 1763 3170 non
1791 3112 2063 3169 curaret.
2088 3140 2168 3155 -—
2209 3103 2632 3169 Artificiosius
2666 3098 2776 3164 ad-

565 3206 770 3270 hibito
829 3206 1206 3294 syllogismo
1266 3230 1491 3293 aquam
1536 3229 1657 3294 pro
1702 3206 2016 3294 principio
2060 3229 2269 3272 rerum
2314 3209 2583 3292 positam
2629 3224 2773 3270 esse

565 3307 718 3373 inde
762 3308 1059 3375 videntur
1102 3308 1353 3396 quidam
1401 3310 1807 3389 conclusisse,
1851 3310 2025 3397 quod
2071 3321 2307 3397 poetae
2353 3331 2469 3395 per
2503 3309 2773 3396 Stygem

566 3409 726 3475 deos
785 3412 1026 3479 faciunt
1080 3417 1387 3492 iurantes,
1443 3416 1555 3478 καὶ
1598 3408 1720 3479 τὸν
1764 3409 1961 3497 ὅρκον
2005 3415 2138 3478 τῶν
2181 3413 2378 3477 θεῶν,
2407 3408 2583 3498 ὕδωρ
2619 3413 2770 3478 ὂ31.

566 3511 801 3598 (Quod
846 3520 1044 3601 ipsam
1077 3517 1363 3604 Stygem,
1407 3539 1525 3602 per
1554 3540 1738 3603 quam
1771 3516 1857 3582 dii
1887 3518 2116 3594 iurant,
2161 3511 2362 3604 ὅρκον
2393 3514 2771 3580 Aristotcles

566 3616 860 3703 appellat,
905 3624 1319 3705 antiquiorem
1364 3630 1622 3685 secutus
1666 3631 1762 3685 est
1807 3621 1991 3701 hujus
2030 3617 2326 3683 vocabuli
2358 3617 2772 3707 significatio-

564 3742 727 3798 nem,
773 3721 969 3785 veluti
1008 3724 1195 3785 Hom.
1242 3721 1313 3786 Il.
1362 3724 1487 3786 XV
1533 3725 1648 3788 37:
1707 3716 1977 3805 Στυγὸς
2008 3717 2224 3806 ὕδωρ,
2270 3717 2423 3786 ὅστε
2466 3726 2774 3805 μέγιστος

566 3817 762 3908 ὅρκος
818 3818 1193 3899 δεινότατός
1249 3847 1317 3888 τε
1362 3826 1541 3890 πέλει
1582 3820 1947 3911 μακάρεσσι
1990 3826 2245 3902 θεοῖσι,
2303 3821 2476 3910 apud
2525 3826 2770 3889 Atticos

565 3928 926 4011 scriptores,
972 3936 1272 4011 quantum
1312 3931 1466 4006 scio,
1503 3948 1635 3992 non
1673 3932 1981 3993 usitatam.
2054 3926 2157 3994 Cf.
2190 3931 2538 3994 Buttmann
2568 3927 2767 3992 Lexil.

565 4027 645 4093 11.
691 4050 753 4113 p.
784 4029 870 4093 52
914 4036 1090 4114 sqq.)
1180 4031 1387 4116 Atque
1432 4035 1487 4095 is
1531 4031 1962 4118 syllogismus,
2007 4053 2191 4116 quem
2238 4029 2618 4099 Aristoteles
2663 4028 2772 4093 ad-

565 4129 766 4208 hibet,
822 4140 895 4194 ut
935 4152 1110 4196 suam
1155 4132 1389 4198 habeat
1432 4137 1557 4197 vim
1604 4155 1767 4198 neve
1810 4136 1879 4197 in
1923 4132 2202 4198 secunda
2246 4134 2454 4222 figura
2485 4152 2575 4198 'ex
2620 4131 2773 4197 dna-

565 4230 684 4297 bus
727 4234 1282 4320 propositionibus
1319 4235 1708 4301 affirmativis
1749 4235 2045 4300 concludi
2084 4236 2236 4321 quid
2271 4237 2580 4316 videatur,
2623 4258 2772 4322 pro-

566 4337 727 4401 tasio
773 4339 1072 4401 maiorem
1118 4349 1294 4403 recte
1343 4338 1704 4405 Alexander
1748 4350 1965 4406 monet
2005 4362 2067 4426 p.
2112 4341 2217 4418 21,
2261 4343 2304 4404 6
2348 4362 2465 4426 per
2505 4360 2771 4406 eonver-

565 4441 810 4504 sionem
853 4439 1197 4528 simplicem
1243 4446 1308 4509 iu
1354 4443 1519 4509 hanc
1562 4465 1703 4510 esse
1743 4444 2011 4509 formam
2056 4442 2499 4533 redigendam:
2552 4438 2630 4510 τὸ
2672 4466 2770 4509 τι·
