3109 5175
1153 385 1222 455 A
1271 382 1339 455 5.
1422 381 1609 456 1015
1624 405 1699 454 a.
2378 379 2521 454 231

318 559 432 625 ssd
493 562 560 623 in
619 561 790 624 omni
846 561 950 623 via
1009 580 1083 623 ac
1131 560 1380 626 ratione
1427 555 1794 644 disputandi
1837 579 2067 647 magna
2110 560 2525 646 cognoscitur

319 663 671 728 diversitas.
746 664 1037 748 Namque
1080 667 1148 728 in
1189 664 1316 730 hoc
1357 661 1947 748 Metaphysicorum
1992 664 2201 748 capite
2243 666 2397 726 satis
2434 660 2524 726 le-

317 771 484 832 viter
538 788 660 831 nec
711 768 796 833 de
854 771 1181 854 aptissimo
1229 764 1456 831 ordine
1500 765 1814 831 sollicitus
1858 769 2064 830 varias
2108 766 2524 854 significatio-

233 899 248 910 ·
317 893 434 936 nes
491 875 705 956 prouti
758 875 825 938 in
881 872 1130 960 vulgari
1188 869 1442 935 dicendi
1502 893 1622 935 usu
1674 871 2037 936 offeruntur
2080 875 2401 958 congerit,
2459 879 2524 935 et

317 975 704 1062 singularum
753 996 860 1042 eas
905 978 1212 1062 proponit
1256 973 1693 1053 definitioneS,
1753 997 1915 1060 quae
1970 997 2055 1039 ne
2110 975 2523 1040 nominalium

317 1079 571 1166 quidem
605 1078 1048 1145 definitionum
1083 1083 1311 1144 iustam
1346 1079 1626 1144 habeant
1657 1079 1953 1154 for-mann
1998 1100 2273 1165 namque
2298 1083 2523 1164 ipsum,

317 1183 494 1270 quod
552 1182 882 1263 definitur,
938 1205 1174 1252 nomen
1221 1179 1418 1273 φύσις
1462 1183 1546 1247 ad
1589 1179 1875 1270 singulas
1917 1182 2256 1249 adhibetur
2300 1182 2524 1247 defini-

316 1292 546 1353 tiones.
622 1288 854 1375 Longe
896 1307 1054 1352 vero
1102 1288 1285 1353 aliter
1329 1292 1394 1353 in
1427 1287 1737 1372 Physicis.
1812 1287 1913 1352 lbi
1951 1291 2113 1356 enim
2152 1311 2187 1351 a
2228 1291 2523 1375 primaria

315 1391 745 1479 proficiscitur
788 1401 1053 1456 naturae
1100 1391 1493 1471 definitione,
1538 1402 1833 1456 accurate
1872 1390 2197 1478 descripta
2234 1393 2395 1458 192⁵
2425 1394 2522 1469 1⁰,

314 1515 479 1581 quae
529 1494 724 1560 verba
781 1515 972 1581 supra
1015 1495 1478 1582 adscripsimus,
1534 1505 1725 1581 atque
1767 1493 1919 1559 inde
1962 1494 2235 1581 reliquas
2289 1497 2525 1582 repetit

312 1598 833 1687 significationes.
910 1602 1005 1664 Ac
1046 1598 1299 1688 sing-ula
1345 1598 1599 1686 quidem
1641 1601 1710 1663 in
1753 1598 1981 1685 quibus
2010 1608 2277 1685 utraque
2306 1599 2523 1685 dispu-

312 1706 474 1768 tatio
519 1707 841 1769 consentit
882 1707 935 1768 si
982 1707 1466 1789 comparaveris,
1507 1704 1673 1768 hanc
1715 1704 2207 1790 metaphysicam
2248 1703 2522 1789 disputa·

313 1810 550 1873 tionem
596 1808 808 1872 obiter
850 1807 1301 1886 adumbratam,
1345 1807 1515 1872 illam
1561 1809 1891 1894 physicam
1924 1806 2271 1895 diiigenter
2304 1805 2522 1871 elabo-

311 1923 509 1977 ratam
553 1933 929 2000 cognosces.
1019 1913 1135 1977 His
1193 1914 1527 1999 perpensis
1582 1915 1689 1977 vix
1745 1910 2135 1997 persuadere
2190 1910 2311 1974 sibi
2354 1912 2522 1995 quis-

312 2035 498 2101 quam
553 2019 818 2102 poterit,
880 2019 933 2080 si
989 2018 1316 2103 physicam
1379 2016 1905 2084 auscultationem
1965 2017 2088 2078 iam
2148 2015 2518 2099 scripsisset,

310 2119 607 2184 habuisse
655 2119 1060 2185 Aristotelem
1118 2141 1231 2184 cur
1288 2116 1370 2184 de
1426 2119 1648 2185 eadem
1705 2121 1976 2183 notione
2024 2116 2159 2182 illic
2203 2114 2520 2182 subtiliter

310 2232 692 2310 pertractata
749 2224 852 2288 hic
905 2227 1132 2290 iterum
1190 2226 1451 2289 strictim
1511 2233 1579 2289 et
1625 2243 1844 2309 parum
1888 2221 2207 2288 sumtiliter
2251 2219 2520 2286 dissere-

312 2337 441 2404 ret3
485 2327 570 2391 cf.
614 2350 675 2413 p.
706 2329 811 2392 20.

1227 2494 1455 2570 CAP.
1521 2497 1612 2568 V.

444 2638 1024 2719 Necessitatis‚
1078 2640 1200 2704 τοῦ
1248 2635 1741 2723 ἀναγκαίου,
1796 2648 2067 2725 quatuor
2125 2639 2517 2722 potissimum

314 2740 655 2827 distinguit
684 2742 1186 2831 significationes
1221 2745 1581 2822 «zm-26,
1623 2744 1930 2818 26—33‚
1970 2742 2269 2843 {23—106,
2300 2742 2518 2819 6—9,

313 2856 380 2910 et
420 2847 605 2911 sicuti
651 2866 768 2932 per
795 2849 1154 2912 universam
1194 2847 1358 2949 hane
1400 2846 1899 2934 disputationem
1943 2849 2009 2909 in
2046 2843 2423 2930 explicando
2454 2854 2519 2907 et

314 2949 770 3037 distinguendo
815 2950 1213 3039 singulorum
1259 2953 1583 3016 nominum
1628 2972 1749 3017 usu
1786 2960 2090 3026 versatur,
2132 2968 2267 3012 non
2312 2947 2393 3012 ab
2443 2968 2517 3010 ea

315 3051 560 3118 orditur
587 3055 1076 3142 significatione,
1119 3077 1283 3142 quae
1327 3054 1705 3121 universalis
1749 3056 2014 3120 maxime
2055 3051 2333 3137 reliquas
2372 3072 2410 3114 a
2444 3071 2519 3115 se

312 3157 508 3222 habet
550 3179 908 3245 suspensas,
947 3159 1066 3225 sed
1111 3181 1276 3245 quae
1317 3159 1564 3247 vulgari
1611 3153 1730 3224 usu
1774 3160 2117 3245 praecipue
2160 3155 2519 3241 frequenta-

314 3272 433 3325 tur.
502 3260 715 3345 Quum
762 3266 956 3351 igitur
993 3263 1198 3351 vulgo
1243 3261 1579 3346 ἀναγκαῖα
1623 3263 1930 3342 dicantur,
1975 3283 2139 3347 quae
2184 3259 2265 3324 ad
2298 3262 2517 3324 viven-

316 3364 466 3429 dum
509 3368 940 3451 requiruntur,
997 3366 1195 3432 veluti
1254 3368 1488 3431 cibaria
1533 3369 1838 3431 exercitui
1881 3361 2335 3450 comparanda,
2391 3365 2521 3449 pri-
2580 3386 2587 3395 ·

313 3466 871 3552 mum-&narnate
928 3490 1003 3535 ea
1064 3471 1190 3537 (fici
1243 3482 1491 3549 monet,
1545 3473 1691 3535 sine
1733 3469 1959 3556 quibus
2003 3469 2108 3534 vel
2152 3469 2370 3531 vivere
2410 3465 2517 3530 vel

313 3572 505 3638 finem
552 3573 864 3659 quendam
909 3580 1311 3662 propositum
1358 3577 1608 3661 assequi
1646 3594 1781 3638 non
1819 3575 2135 3658 possimus
2171 3572 2517 3634 a2o—26.
2582 3591 2587 3597 ·

311 3676 446 3742 Sed
492 3678 802 3743 eiusmodi
847 3677 1183 3762 ἀναγκαῖα
1223 3700 1360 3744 non
1404 3679 1585 3744 αἴτια
1618 3677 1741 3743 τοῦ
1776 3676 1911 3755 ζῆν,
1948 3674 2063 3740 sed
2094 3675 2396 3740 συναίτια
2432 3674 2517 3738 ⁶3

314 3780 484 3858 dicit,
529 3772 612 3846 οὗ
652 3778 811 3847 ἄνευ
855 3779 971 3848 οὐκ
1003 3783 1332 3870 ἐνδέχεται
1366 3782 1485 3862 ζῆν
1521 3779 1609 3859 ὡς
1644 3782 1981 3848 συναιτίου
2017 3781 2180 3854 ‹1203
2225 3779 2516 3842 nimirum

313 3887 653 3971 respiratio
711 3886 890 3950 cibus
947 3887 1174 3951 similia
1228 3906 1364 3952 non
1411 3898 1565 3951 sunt
1606 3890 1781 3974 ipsae
1826 3906 2053 3949 causae
2098 3880 2385 3959 vivendi,
2436 3878 2517 3946 τὸ

313 3986 527 4055 oez'nme
571 3984 735 4055 αὐτὸ
777 3988 945 4054 καθ’
983 3979 1178 4069 autb,
1224 3989 1400 4077 quod
1442 3995 1508 4055 iu
1554 3995 1760 4056 anima
1815 3992 2203 4066 continetur,
2248 3986 2365 4051 sed
2410 3986 2518 4051 ad-

312 4096 668 4159 scisountur
725 4104 792 4158 et
830 4097 900 4159 in
944 4098 1314 4159 socieoetem
1362 4095 1743 4161 adhibentur
1784 4106 2095 4179 tamquam
2140 4114 2257 4156 eae
2296 4089 2519 4156 eondi-

314 4199 557 4278 tioues,
611 4200 748 4262 sine
794 4197 1025 4284 quibus
1070 4197 1154 4263 ad
1191 4199 1368 4263 illum
1413 4199 1672 4264 vivendi
1716 4198 1906 4264 finem
1950 4219 2082 4262 non
2130 4200 2335 4283 possit
2378 4217 2519 4284 per-

213 4344 220 4349 -
312 4305 533 4380 veniri,
580 4303 656 4367 cf.
695 4302 777 4366 de
815 4307 999 4367 anim.
1031 4304 1091 4367 11
1124 4305 1182 4367 4.
1221 4305 1386 4367 416³
1415 4305 1498 4369 1·3
1545 4314 1611 4368 et
1641 4301 1877 4368 Trcnd.
1925 4301 2006 4365 ad
2048 4302 2110 4365 h.
2141 4301 2183 4364 l.
2229 4299 2311 4365 de
2355 4308 2515 4386 part.

314 4427 416 4471 an.
462 4407 492 4471 1
539 4410 596 4471 l.
642 4408 812 4472 642⁴
849 4410 909 4472 7.
960 4444 1041 4461 ·-
1101 4408 1230 4471 Iste
1273 4418 1480 4471 autem
1527 4407 1709 4485 finis,
1760 4406 1843 4470 ad
1886 4427 2069 4490 quem
2113 4406 2518 4490 requiruntur

313 4511 624 4597 quaedam
666 4516 1049 4592 necessario,
1092 4512 1207 4577 ubi
1245 4532 1460 4598 neque
1502 4534 1540 4577 a
1585 4521 1811 4577 natura
1854 4530 2063 4595 neque
2098 4531 2133 4573 a
2170 4520 2389 4574 nostra
2420 4514 2517 4573 est
