3109 5175
581 373 722 448 130
1435 395 1486 441 α
1531 367 1606 443 2.
1681 367 1909 442 994⁶.

1481 586 1710 665 CAP.
1779 589 1877 662 11.

718 731 982 797 Causae
1013 752 1144 795 non
1167 738 1448 815 possunt
1480 751 1626 794 esse
1657 729 1980 817 infinitae,
2015 750 2223 816 neque
2255 728 2433 793 intra
2470 726 2642 792 idem
2669 749 2785 811 ge-

579 859 705 900 m
748 857 1095 901 consortem
1138 836 1201 897 ai
1243 856 1502 897 sursum
1544 832 1650 897 vel
1688 833 1988 927 deorsum
2022 832 2486 918 progrediaris
2530 831 2698 896 99:311
2744 832 2781 895 l

583 942 831 1021 -527,
870 961 1077 1026 neque
1104 960 1257 1001 vero
1279 960 1533 1021 genera
1560 959 1908 1002 comarum
1936 946 2088 1000 aunt
2115 937 2381 1025 irfiuita
2408 935 2534 1000 1127
2551 972 2629 985 —
2646 935 2756 999 31.

716 1073 882 1135 994σ
924 1061 1217 1152 laud
1261 1061 1418 1150 μὴν
1465 1062 1592 1131 ὅτι
1635 1064 1696 1150 7'
1746 1100 1827 1118 *-
1878 1070 1961 1132 19
2006 1065 2260 1133 οὐθέν
2314 1071 2555 1131 ἐστιν.
2644 1066 2789 1129 Phi-

581 1173 941 1260 losophiam
1001 1181 1232 1256 utpote
1288 1174 1569 1234 veritatis
1627 1173 1949 1235 scientiam
1996 1193 2187 1256 quum
2232 1188 2600 1255 suspensam
2647 1191 2787 1234 esse

580 1298 615 1341 a
662 1280 1115 1363 principiorum
1162 1272 1543 1338 summorum
1593 1277 1964 1362 cognitione
2011 1274 2506 1340 demonstratum
2553 1278 2661 1353 sit,
2718 1284 2789 1338 ut

581 1383 787 1467 possit
832 1382 1091 1444 omnino
1139 1398 1283 1442 esse
1327 1376 1763 1464 philosophia,
1821 1381 2127 1465 principia
2172 1388 2436 1464 oportet
2478 1379 2788 1464 cognosci

580 1504 793 1571 posse.
885 1484 1037 1548 Non
1094 1492 1362 1568 possent
1413 1492 1623 1546 autem
1671 1485 2007 1569 cognosci,
2067 1485 2117 1547 si
2166 1485 2229 1545 in
2275 1480 2593 1545 infinitum
2639 1501 2788 1566 pro-

581 1588 1015 1674 grederentur.
1107 1586 1326 1669 Itaque
1376 1584 1549 1669 quod
1603 1606 1773 1649 nune
1807 1585 2276 1650 demonstratur
2309 1587 2617 1670 principia
2652 1604 2786 1646 non

584 1710 724 1755 esse
767 1689 1033 1767 infinita,
1077 1691 1292 1775 potuit
1333 1686 1496 1752 illud
1539 1709 1693 1751 sane
1728 1688 1809 1753 ab
1846 1692 1991 1774 ipso
2031 1691 2341 1775 scriptore
2380 1690 2786 1752 coniunctum

584 1812 724 1858 esse
767 1814 909 1857 cum
954 1795 1290 1878 superiore
1335 1791 1794 1877 disputatione;
1854 1790 1968 1855 sed
2013 1813 2163 1855 num
2207 1812 2276 1855 re
2322 1812 2469 1854 vera
2518 1789 2785 1854 eandem

575 1894 1074 1982 disputationem
1120 1898 1568 1973 continuatam,
1613 1916 1695 1961 an
1746 1893 2003 1959 alteram
2056 1894 2237 1959 alteri
2278 1894 2545 1958 fortuito
2595 1892 2788 1956 adne-

577 2018 716 2065 xam
763 2010 1070 2085 putemus,
1117 1999 1378 2066 difficile
1423 2009 1521 2063 est
1563 1997 1862 2063 iudicare.
1932 2000 2012 2063 cf.
2064 2018 2351 2084 prooem.
2404 2021 2467 2084 p.
2504 1998 2605 2061 17.
2674 1995 2789 2059 Di-

579 2106 920 2190 stinguitur
974 2112 1182 2167 antem
1238 2102 1475 2188 duplex
1521 2123 1846 2166 causarum
1891 2100 2201 2179 infinitas,
2254 2106 2347 2176 sig
2389 2098 2786 2184 εὐθυωρίαν,

582 2218 652 2271 ut
707 2211 869 2270 intra
928 2204 1095 2269 idem
1158 2227 1478 2269 causarum
1538 2226 1742 2292 genus
1802 2204 1907 2270 vel
1959 2203 2329 2268 ascendenti
2368 2202 2481 2268 vel
2525 2201 2786 2267 descen·

581 2309 759 2373 denti
813 2312 880 2373 in
937 2307 1247 2373 infinitum
1301 2306 1609 2394 progredi
1660 2307 1849 2371 liceat
1890 2307 2009 2387 (cf.
2056 2306 2153 2371 ἐπ’
2196 2304 2467 2383 εὐθείας
2510 2304 2591 2370 de
2634 2326 2783 2394 gen.

577 2423 646 2475 et
681 2432 843 2476 corr.
883 2412 942 2475 11
978 2414 1038 2476 5.
1076 2413 1240 2475 332⁶
1264 2413 1376 2475 12:
1424 2411 1522 2473 δεῖ
1564 2411 1685 2492 μὲν
1726 2404 1854 2494 γὰρ
1900 2413 2136 2490 στῆναι
2178 2413 2290 2475 καὶ
2332 2405 2429 2493 μὴ
2470 2414 2559 2485 εὶς
2596 2403 2785 2473 ἄπει·-

577 2534 700 2602 ρον
743 2515 939 2578 τοῦτο
984 2517 1151 2577 ἰέναι
1194 2510 1295 2576 ἐπ’
1336 2510 1607 2588 εὐθείας
1650 2510 1756 2602 ἐφ’
1794 2510 2087 2599 ἑκάτερα,
2130 2513 2235 2577 vel
2281 2519 2371 2592 εὶς
2414 2507 2586 2577 εὐθύ
2627 2511 2782 2577 ibid.

584 2621 686 2684 11.
731 2619 899 2683 3381:
939 2621 1044 2698 7),
1090 2628 1154 2681 et
1197 2614 1339 2680 κατ’
1380 2614 1568 2694 εἶδος,
1613 2627 1685 2681 ut
1728 2617 1975 2682 infinita
2024 2639 2163 2682 esse
2207 2616 2500 2682 dicantur
2542 2637 2780 2704 genera

577 2739 924 2785 causarum.
999 2721 1088 2784 Et
1129 2719 1237 2783 ina
1285 2718 1538 2806 quidem
1585 2720 1881 2798 infinitas,
1924 2717 1967 2800 ἡ
2011 2718 2156 2785 κατ’
2195 2718 2589 2805 εὐθυωρίαν,
2634 2741 2784 2806 qua-

578 2823 656 2887 lis
692 2825 790 2901 sit,
827 2823 1102 2888 illustrat
1138 2823 1439 2910 exemplis
1479 2845 1555 2887 ex
1595 2823 1889 2888 omnibus
1922 2845 2251 2889 causarum
2292 2823 2636 2912 generibus
2672 2844 2785 2908 pe—

576 2930 708 2991 titis
740 2927 1045 3005 413-11,
1081 2948 1156 2991 ac
1186 2926 1419 2992 deinde
1449 2925 1844 2991 demonstrat
1872 2929 2207 2992 all—19
2236 2926 2380 2992 fieri
2408 2945 2543 2990 non
2573 2948 2782 3013 posse,

575 3043 648 3095 ut
689 3033 756 3094 in
795 3032 1114 3095 infinitum
1161 3051 1348 3095 causa
1393 3029 1594 3095 altera
1642 3052 1715 3094 ex
1761 3029 1956 3094 altera
1995 3040 2334 3115 repetatur.
2409 3032 2496 3096 Et
2532 3052 2606 3094 ea
2648 3033 2782 3115 qui-

576 3132 719 3197 dem
778 3137 1241 3221 argumentatio
1299 3154 1609 3220 suspensa
1665 3143 1762 3197 est
1805 3155 1841 3196 a
1886 3135 2155 3197 notione
2199 3136 2321 3199 to&
2360 3138 2582 3219 μέσου.
2672 3135 2780 3199 Et-

577 3240 744 3301 enim
804 3240 855 3300 si
913 3239 1032 3299 tria
1093 3239 1179 3300 ita
1237 3235 1544 3322 disposita
1604 3257 1918 3302 sumamus
1976 3257 2051 3301 ex
2110 3237 2335 3302 ordine
2393 3258 2646 3316 causae,
2707 3247 2781 3302 ut

576 3359 768 3404 unum
827 3342 911 3404 sit
964 3338 1233 3405 medium
1292 3350 1358 3404 et
1413 3351 1583 3405 extra
1648 3340 1806 3405 illud
1869 3339 2132 3405 alterum
2189 3345 2455 3426 primum
2515 3340 2780 3405 alterum

576 3454 944 3521 extremum,
1000 3446 1326 3529 quaerenti
1372 3443 1523 3529 q'uid
1572 3465 1646 3508 ex
1694 3445 1785 3508 his
1827 3442 2218 3529 reliquorum
2265 3448 2346 3508 sit
2390 3463 2605 3521 causa,
2652 3446 2777 3529 pri-

573 3565 741 3611 mum
799 3567 1048 3611 causam
1109 3567 1248 3611 esse
1299 3545 1854 3632 respondebimus:
1914 3558 2253 3612 extremum
2301 3550 2466 3610 enim
2513 3568 2586 3611 ex
2631 3546 2779 3611 reli·
2834 3619 2857 3638 ,

573 3653 714 3735 quis
760 3648 1041 3728 duobuS,
1095 3651 1370 3715 medium
1432 3672 1504 3713 ex
1551 3655 1756 3736 primo
1800 3655 1887 3716 ita
1934 3661 2031 3715 est
2074 3669 2479 3736 suspensum,
2537 3659 2610 3715 ut
2652 3652 2777 3714 nini

573 3752 684 3817 issa
714 3757 855 3832 sint,
898 3757 1103 3840 ipsum
1147 3775 1359 3838 neque
1404 3775 1543 3819 esse
1588 3775 1709 3819 nec
1743 3776 1931 3819 causa
1970 3756 2335 3838 cuiusquam
2372 3775 2512 3818 esse
2550 3757 2774 3841 possit.

573 3856 703 3919 Iam
760 3875 915 3920 vero
974 3860 1029 3919 si
1077 3859 1144 3922 in
1189 3857 1630 3945 investiganda
1688 3878 1878 3923 causa
1935 3854 2424 3922 ascendentibus
2480 3877 2778 3944 progres-

573 3978 709 4023 sum
755 3963 820 4021 in
865 3957 1178 4022 infinitum
1222 3971 1444 4046 patere
1488 3965 1832 4040 statuimus,
1886 3980 2292 4048 quascunque
2335 3965 2403 4025 in
2444 3961 2564 4025 bac
2592 3964 2774 4026 ,serie
2804 3991 2819 4000 ⁴

571 4064 924 4125 invenimus
971 4082 1207 4140 causas,
1253 4084 1368 4128 eae
1409 4083 1632 4128 omnes
1672 4065 1946 4130 medium
1985 4063 2285 4129 obtinent
2318 4063 2551 4143 locum,
2590 4085 2775 4149 prae—

571 4176 672 4228 ter
716 4175 1055 4230 extremum
1106 4165 1294 4245 illud,
1349 4172 1528 4232 cuius
1586 4166 1666 4231 ab
1718 4171 2212 4255 investigatione
2274 4172 2481 4234 exorsi
2542 4189 2771 4245 sums,

570 4272 760 4354 μέχρι
799 4271 919 4333 τοῦ
953 4271 1074 4334 νῦν
1101 4270 1268 4344 α]8;
1311 4273 1661 4358 principem
1697 4272 1924 4350 locum,
1969 4274 2264 4358 quoniam
2300 4271 2493 4336 finem
2527 4270 2637 4335 illa
2674 4294 2775 4340 se—

571 4374 696 4435 ries
741 4391 873 4436 non
907 4372 1146 4437 habere
1183 4373 1603 4452 contenditur,
1649 4375 1822 4440 nulla
1865 4398 1941 4441 ex
1977 4376 2271 4440 omnibus
2307 4375 2515 4441 habet.
2588 4377 2770 4463 Ergo

572 4477 718 4560 quia
761 4474 1008 4540 mediae
1048 4486 1213 4555 sunt,
1257 4495 1342 4542 ne
1385 4499 1616 4544 causae
1661 4479 1914 4565 quidem
1951 4491 2227 4565 possunt
2257 4478 2398 4556 diei,
2440 4484 2771 4566 ipsamque
