3109 5175
1163 378 1242 445 Z
1286 371 1398 447 12.
1481 370 1750 446 1038a.
2417 373 2559 449 345

354 551 674 615 minentur
716 544 841 632 (τὰ
886 546 1023 629 εἴδη
1068 551 1208 614 καὶ
1250 543 1337 613 τὰ
1371 555 1662 633 στοιχεῖα
1699 551 1809 629 ⁶7,
1853 558 2014 635 part.
2053 551 2168 615 καί
2206 549 2561 637 explicanffi

354 653 551 719 babet
578 656 726 732 vim,
762 652 839 717 cf.
864 654 1091 718 Waitz
1121 653 1285 741 Org.
1315 653 1431 717 93⁶
1455 653 1594 732 26),
1633 651 1923 738 exemplo
1955 651 2307 731 illustravit,
2342 674 2561 741 exspe-

356 766 486 822 ctes
520 758 626 821 Ar.
671 760 739 822 in
783 754 1053 842 apodosi
1094 754 1496 833 concludere,
1540 767 1881 843 propterea
1917 776 2120 843 genus
2161 766 2227 820 et
2264 755 2563 822 differen-

355 864 474 924 tias
522 862 696 925 coire
741 864 806 924 in
852 863 1176 938 unitatem,
1221 860 1300 923 cf.
1342 860 1431 924 H
1466 862 1538 934 ὃς
1590 870 1655 924 at
1696 858 2088 943 subiunctam
2138 862 2354 944 potius
2397 860 2563 925 hanc

356 963 625 1051 legimus
682 962 1028 1050 apodosiu:
1087 956 1382 1052 φανερὸν
1437 956 1539 1027 ὅτι
1596 960 1633 1027 ὁ
1694 958 1968 1051 ὁρισμός
2015 966 2191 1026 ἐστιν
2235 958 2272 1026 ὁ
2318 967 2387 1026 ἐκ
2431 965 2562 1028 τῶν

356 1067 699 1156 διαφορῶν
734 1063 932 1151 λόγος
967 1069 1077 1132 ⁰8.
1152 1067 1461 1131 Nimirum
1508 1088 1699 1151 quum
1745 1085 1949 1154 genus
1997 1064 2077 1129 ad
2129 1068 2428 1130 materiae
2466 1065 2562 1130 lo-

357 1192 497 1234 cum
554 1169 924 1255 depressum
983 1168 1373 1235 definitionis
1432 1171 1663 1234 unitati
1721 1190 1853 1234 non
1898 1171 2106 1255 possit
2145 1168 2350 1233 videri
2395 1166 2564 1233 obsi-

359 1283 542 1350 stere,
589 1283 963 1358 quaerentes
1010 1272 1092 1337 de
1137 1273 1256 1336 hac
1298 1275 1585 1338 notionis
1631 1275 1874 1337 unitate
1916 1276 2103 1337 unice
2144 1271 2227 1336 ad
2265 1270 2563 1337 differen-

358 1379 476 1440 tias
523 1374 892 1440 debebimus
933 1375 1294 1452 attendere3
1342 1397 1450 1441 eas
1487 1379 1544 1440 si
1584 1373 1664 1439 ad
1704 1378 2006 1440 unitatem
2039 1377 2431 1461 potuerimus
2469 1396 2564 1440 re-

360 1477 612 1567 digere,
671 1482 958 1565 quaestio
1016 1479 1228 1545 soluta
1282 1488 1394 1544 est.
1487 1478 1698 1564 Atque
1751 1490 1824 1544 ut
1867 1499 2092 1544 unam
2137 1477 2565 1544 differentiam

358 1592 670 1668 tamquam
715 1584 981 1646 formam
1036 1585 1260 1670 generi
1303 1591 1530 1667 utpote
1573 1585 1871 1646 materiae
1914 1580 2381 1669 adiungendam
2424 1604 2565 1649 esse

357 1685 616 1765 doceat,
676 1684 834 1750 duas
892 1684 1223 1774 distinguit
1273 1687 1557 1750 notionis
1601 1707 1721 1771 per
1764 1683 2140 1750 divisionem
2187 1685 2566 1752 efficiendae

356 1792 656 1868 rationes,
699 1792 1023 1875 propriam
1068 1811 1144 1853 ac
1183 1790 1538 1874 primariam
1585 1787 1863 1867 alteram,
1908 1788 2164 1853 alteram
2210 1789 2567 1855 accidenta-

357 1890 497 1971 lem,
541 1891 624 1957 de
662 1903 822 1980 part.
865 1914 964 1958 an.
1001 1894 1031 1957 1
1066 1894 1127 1971 2,
1163 1893 1224 1956 3.
1286 1894 1402 1957 An.
1438 1901 1607 1977 post.
1640 1892 1701 1955 11
1740 1893 1842 1956 13.
1881 1893 2005 1957 970
2032 1894 2134 1956 12.
2203 1893 2356 1957 Non
2395 1892 2564 1974 licet,

359 1998 447 2061 ait
486 1997 597 2075 ⁶9,
641 1995 752 2061 ubi
800 1995 1242 2060 descendimus
1288 2016 1324 2057 a
1370 2015 1613 2059 summo
1659 2016 1900 2083 genere
1945 1992 2027 2057 ad
2070 1994 2402 2074 inferiora,
2449 1995 2567 2060 dif-

359 2099 660 2164 ferentias
716 2102 1076 2185 promiscue
1134 2096 1466 2175 adbibere,
1524 2098 1638 2161 sed
1687 2098 1786 2161 δεῖ
1829 2097 2239 2183 διαιρεῖσθαι
2283 2093 2405 2178 τὴν
2446 2099 2567 2179 τῆς

360 2203 694 2292 διαφορᾶς
748 2197 1113 2291 διαφοράν,
1167 2201 1367 2265 veluti
1424 2205 1490 2265 in
1548 2199 1840 2285 exemplo
1896 2201 2169 2266 bominis
2216 2201 2568 2268 definiendi

360 2308 414 2370 si
460 2309 598 2391 quis
646 2326 906 2370 exorsus
951 2327 988 2369 a
1034 2326 1278 2370 summo
1324 2325 1582 2392 genere,
1638 2302 1909 2383 animali,
1954 2304 2034 2368 ad
2079 2308 2443 2391 proximum,
2486 2300 2567 2372 τὸ

361 2404 657 2474 ὑπόπουν
700 2409 898 2492 ζῷον,
956 2407 1383 2486 descenderit,
1441 2403 1644 2472 πάλιν
1698 2408 1820 2472 τοῦ
1860 2404 2029 2491 ζῴου
2068 2405 2404 2486 ὑπόποδος
2447 2402 2570 2490 τὴν

363 2506 698 2601 διαφορὰν
736 2512 835 2577 δεῖ
868 2512 1174 2577 διελεῖν
1209 2503 1248 2601 ᾖ
1282 2507 1580 2577 ὑπόπουν
1616 2513 1770 2575 α10.
1837 2512 2110 2593 (διελεῖν
2147 2515 2312 2577 enim
2350 2511 2568 2601 legen·

363 2615 512 2682 dum
559 2638 700 2681 esse
744 2636 865 2701 pro
910 2615 1083 2703 vulg.
1132 2615 1371 2680 εἰδέναι
1414 2625 1479 2679 et
1519 2627 1788 2702 propter
1829 2620 2160 2702 superiora
2198 2616 2410 2694 verba,
2458 2618 2569 2696 ⁶9,

305 2718 311 2724 ’
362 2718 702 2806 probabile
749 2728 846 2785 est
890 2729 954 2784 et
997 2716 1409 2782 confirmatur
1445 2722 1821 2785 auctoritate
1848 2719 2194 2785 Alexandri
2225 2744 2289 2806 p.
2322 2722 2468 2800 490,
2504 2723 2568 2786 5.

366 2822 726 2910 Asclepium
769 2842 927 2887 sane
972 2821 1139 2886 idem
1185 2824 1307 2885 iam
1351 2824 1421 2884 in
1464 2830 1640 2886 textu
1684 2823 1978 2889 habuisse
2016 2821 2190 2909 quod
2225 2844 2397 2888 nunc
2431 2822 2569 2887 vul-

364 2936 568 3014 gatur,
609 2948 684 2990 ex
715 2930 850 2990 eius
882 2928 1335 2989 commentario
1369 2927 1800 3011 cognoscitur,
1832 2925 1909 2989 cf.
1942 2925 2086 2991 cod.
2116 2928 2296 2991 Mon.
2326 2928 2570 3007 2980.)

365 3029 570 3095 Aliter
594 3033 649 3095 si
675 3032 813 3115 quis
841 3031 1183 3094 instituerit
1203 3031 1460 3116 generis
1492 3026 1884 3108 divisionem,
1915 3039 1985 3095 ut
2013 3027 2436 3094 accidentales
2463 3028 2571 3095 ad-

365 3136 590 3198 sciscat
636 3132 1037 3197 differentiae
1081 3131 1495 3211 differentiae,
1541 3154 1658 3218 per
1692 3135 2116 3221 ignorantiam
2150 3154 2343 3198 verae
2379 3135 2572 3197 ratio—

366 3240 462 3301 nis
509 3235 573 3301 id
621 3237 849 3302 fecisse
893 3233 1210 3321 putandus
1258 3246 1382 3314 est,
1429 3228 1601 3300 ἀλλὰ
1646 3231 1756 3300 διὰ
1799 3232 1877 3301 τὸ
1923 3233 2271 3301 ἀδυνατεῖν
2313 3232 2573 3316 ποιήσει

367 3340 560 3405 τοῦτο
601 3342 756 3405 ⁶13.
823 3339 997 3403 Iusta
1037 3349 1244 3404 autem
1284 3342 1533 3403 ratione
1568 3361 1756 3424 quum
1795 3337 2084 3404 diviseris
2122 3361 2425 3405 summum
2461 3361 2573 3428 ge-

367 3463 487 3508 nus
545 3454 610 3509 et
666 3442 1073 3509 descenderis
1129 3465 1330 3529 usque
1388 3441 1472 3507 ad
1525 3463 1632 3506 eas
1679 3441 2102 3521 differentias,
2160 3464 2323 3528 quae
2368 3443 2575 3507 dirimi

370 3546 638 3633 amplius
673 3531 999 3632 nequeunt
1036 3539 1162 3625 (τὰ
1196 3541 1537 3635 ἀδιάφορα
1579 3547 1771 3626 α16),
1815 3549 2098 3631 proxima
2135 3566 2421 3631 quaeque
2456 3543 2575 3609 dif-

368 3649 634 3714 ferentia
680 3654 1042 3736 superiores
1086 3652 1154 3714 in
1198 3670 1270 3713 se
1315 3652 1618 3726 continet,
1663 3659 1736 3713 ut
1769 3671 1875 3713 eas
1911 3651 2164 3734 saepius
2203 3669 2575 3713 enumerare

369 3753 524 3818 nihil
572 3758 855 3831 attineat,
908 3765 1097 3839 atque
1140 3756 1208 3816 in
1254 3762 1528 3817 extrema
1577 3751 2117 3839 differentia-ipsa
2163 3755 2440 3817 cernitur
2482 3754 2576 3816 rei

370 3856 735 3923 substantia.
824 3859 1055 3924 Unitas
1111 3858 1305 3944 igitur
1358 3858 1643 3921 notionis
1703 3866 1873 3921 extra
1933 3876 2184 3920 omnem
2233 3853 2575 3921 dubitatio-

369 3983 513 4027 nem
557 3966 769 4048 posita
814 3972 927 4026 est.
1000 3960 1115 4025 Sin
1162 3959 1239 4023 ab
1285 3959 1404 4024 hac
1448 3958 1772 4025 dividendi
1817 3963 2069 4025 ratione
2105 3958 2470 4025 discesseris
2510 3971 2577 4026 et

372 4064 453 4129 ad
490 4064 1000 4153 distinguendam
1039 4062 1460 4129 differentiam
1498 4063 1812 4149 quandam
1852 4062 2122 4128 fortuito
2162 4057 2374 4145 (κατὰ
2412 4083 2576 4148 συμ-

369 4164 654 4252 βεβηκός
687 4172 864 4249 α26)
909 4167 1063 4232 alias
1106 4164 1463 4244 adsciveris,
1509 4167 1735 4253 quibus
1778 4188 1910 4231 non
1948 4169 2086 4253 ipsa
2126 4166 2236 4231 illa
2276 4166 2577 4232 differen-

371 4273 457 4336 tia
502 4270 943 4362 distinguatur,
989 4282 1120 4336 tum
1161 4291 1313 4334 sane
1355 4273 1538 4335 notio
1587 4293 1661 4335 ex
1707 4280 1804 4335 tot
1850 4274 2198 4359 composita
2239 4272 2359 4334 erit
2397 4267 2577 4333 diffe-

371 4379 608 4456 rentiiS,
653 4379 904 4463 quoties
943 4374 1315 4453 distinxeris,
1359 4375 1471 4440 καὶ
1513 4370 1760 4441 τούτων
1806 4378 1920 4454 τῆς
1959 4373 2335 4449 τελευταίας
2369 4367 2577 4439 κατά

370 4501 453 4563 γε
496 4475 584 4545 τὸ
631 4473 904 4567 ὀρθόν
943 4480 1111 4558 ⁶30,
1159 4481 1198 4543 i.
1232 4498 1286 4542 e.
1334 4479 1389 4542 si
1433 4486 1669 4542 rectam
1712 4475 1886 4543 illam
1930 4487 1997 4542 et
2037 4477 2361 4564 propriam
2404 4478 2578 4541 insti-
