3109 5175
579 333 717 407 176
1403 333 1479 404 Γ
1515 331 1586 406 2.
1669 331 1855 408 1003
1872 332 1936 406 b.

570 511 849 596 θρωπος
881 502 1261 598 ἅνθρωπος,
1296 509 1490 575 habet
1517 529 1632 580 cur
1657 509 2085 597 praeferenda
2111 509 2424 577 videatur.
2482 511 2569 578 Et
2600 508 2779 597 quod

568 618 636 680 in
681 612 1012 680 codicibus
1054 612 1337 700 plurimis
1381 614 1734 682 exhibetur:
1776 617 1955 682 ἔστιν
1994 612 2035 682 ὁ
2083 607 2465 701 ἄνθρωπος,
2507 617 2621 682 καὶ
2657 609 2780 681 ἄν·

569 721 865 804 θρωπος,
907 720 1022 783 καὶ
1067 713 1159 794 εἷς
1197 715 1570 804 ἄνθρωπος
1606 720 1880 786 fortasse
1918 741 1996 786 ex
2029 719 2216 787 simili
2251 730 2460 785 ortum
2498 730 2595 786 est
2629 722 2780 785 scri-

567 833 753 910 ptura
811 825 1117 910 genuina:
1175 825 1351 889 ἕστιν
1404 821 1441 888 ὁ
1488 819 1854 909 ἄνθρωπος
1896 817 2267 909 ἄνθρωπος
2307 826 2421 889 καὶ
2464 821 2558 901 εἷς
2599 825 2780 889 ἐστὶν

565 920 989 1009 ἅνθρωπος.)
1018 964 1107 976 -
1135 927 1428 992 Proxima
1464 927 1678 1006 verba,
1717 930 1922 1008 δῆλον
1961 926 2020 993 δ’
2062 923 2161 994 ὅτι
2202 924 2287 993 οὐ
2313 927 2656 1013 χωρίζεται
2693 964 2775 979 -

566 1034 686 1098 τοῦ
727 1025 875 1108 ἑνός
910 1033 1056 1111 ῠ29,
1086 1032 1190 1111 30,
1236 1031 1386 1118 quid
1433 1031 1800 1120 significent
1844 1032 2113 1097 divinari
2158 1031 2354 1100 modo
2399 1031 2552 1096 licet
2590 1035 2777 1097 exiis

566 1157 728 1223 quae
772 1135 1160 1201 antecedunt
1206 1147 1271 1201 et
1314 1135 1812 1223 subsequuntur,
1868 1141 2005 1223 ipsa
2064 1140 2229 1204 enim
2281 1157 2398 1223 per
2441 1157 2513 1201 se
2558 1134 2779 1202 admo-

565 1240 713 1306 dum
759 1240 1030 1305 obscure
1075 1252 1224 1305 sunt
1268 1240 1452 1305 dicta.
1536 1240 1813 1306 Videtur
1857 1253 2065 1308 autem
2116 1242 2244 1306 hoc
2282 1240 2523 1306 diceret
2567 1261 2778 1326 neque

564 1348 631 1409 in
675 1348 1094 1432 generatione
1130 1366 1339 1431 neque
1376 1349 1442 1409 in
1482 1350 1898 1433 corruptione
1927 1349 2283 1434 seiungitur
2314 1348 2629 1412 essentiae
2657 1365 2777 1410 no-

564 1451 657 1512 tio
704 1447 784 1513 ab
829 1451 1089 1527 unitate,
1143 1460 1210 1513 et
1252 1448 1538 1515 similiter
1580 1456 1838 1516 unitatis
1883 1453 2066 1514 notio
2113 1470 2248 1515 non
2290 1452 2646 1537 seiungitur
2689 1447 2771 1515 ab

565 1556 858 1618 essentia.
943 1551 1125 1618 Talia
1171 1553 1580 1620 Aristotelem
1625 1555 1907 1620 voluisse
1954 1553 2185 1634 dicere,
2230 1553 2382 1619 inde
2425 1556 2773 1640 praecipue

563 1667 857 1744 apparet,
917 1656 1091 1743 quod
1149 1659 1449 1743 proximis
1506 1659 1718 1723 verbis
1778 1656 2127 1737 concludit,
2189 1658 2405 1724 addita
2450 1656 2650 1722 altera
2694 1679 2773 1722 ex

562 1762 660 1826 his
703 1761 1078 1828 notionibus
1124 1761 1280 1827 nihil
1324 1764 1477 1828 novi
1519 1761 1842 1827 accedere.
1878 1799 1959 1812 —
2006 1762 2399 1828 Affinitatem
2434 1765 2774 1828 notionum

559 1867 682 1933 τοῦ
727 1860 919 1941 ὄντος
966 1874 1030 1930 et
1072 1866 1192 1930 τοῦ
1226 1861 1372 1943 ἑνός
1410 1865 1645 1932 deinde
1687 1865 2034 1945 confirmat,
2073 1868 2204 1932 1³32
2248 1868 2342 1932 ἔτι
2382 1864 2445 1931 δ’
2484 1863 2528 1946 ἡ
2568 1903 2649 1916 -
2682 1867 2771 1932 33

562 1963 642 2036 ὅν
685 1994 777 2048 τι,
822 1968 1105 2035 adbibita
1150 1968 1231 2034 ad
1287 1975 1901 2059 argumentationem
1945 1970 2313 2038 substantia.
2405 1972 2511 2035 De
2556 1972 2775 2060 singu·
2876 1977 2885 1985 ‘

559 2073 759 2140 larum
816 2096 1026 2141 rerum
1083 2075 1433 2140 substantia
1491 2075 1895 2162 praedicatur
1952 2086 2017 2142 et
2063 2067 2140 2141 τὸ
2187 2080 2256 2142 ἓν
2304 2085 2368 2140 et
2409 2072 2488 2140 τὸ
2535 2067 2647 2153 ὅν,
2704 2085 2773 2140 et

559 2189 898 2264 utrumque
942 2178 1193 2265 quidem
1239 2182 1358 2257 ita,
1404 2188 1475 2245 ut
1517 2200 1654 2244 non
1697 2202 1815 2266 per
1860 2179 2184 2256 accidens,
2229 2177 2346 2244 sed
2390 2189 2616 2266 suapte
2661 2201 2772 2244 na·

559 2293 700 2349 tura
743 2281 1132 2348 substantiae
1177 2283 1505 2348 tribuatur.
1576 2284 1805 2349 Omnis
1843 2288 1938 2348 vis
1977 2283 2459 2373 argumentandi
2496 2288 2664 2348 inest
2697 2284 2769 2348 in

558 2385 770 2452 verbis
830 2387 952 2454 sibi
1006 2390 1273 2454 invicem
1320 2385 1857 2473 respondentibus
1903 2386 1984 2454 οὐ
2025 2381 2197 2452 κατὰ
2242 2381 2659 2472 συμβεβηκός
2702 2397 2770 2452 et

558 2486 737 2578 ὅπερ.
806 2492 1058 2556 Etenim
1103 2494 1159 2556 si
1202 2509 1318 2577 per
1359 2490 1655 2556 accidens
1694 2490 1858 2556 duae
1893 2495 2193 2557 notiones
2226 2490 2306 2556 de
2338 2491 2559 2558 eadem
2589 2512 2771 2578 prae-

560 2596 883 2676 dicautur,
935 2597 1095 2662 nihil
1151 2596 1300 2663 inde
1355 2595 1658 2661 concludi
1714 2606 1930 2682 potest
1984 2595 2068 2662 de
2125 2595 2373 2662 illarum
2430 2600 2766 2662 notionum

558 2701 996 2777 cohaerentia3
1041 2700 1242 2766 veluti
1285 2704 1339 2767 si
1374 2700 1456 2765 de
1501 2700 1760 2765 homine
1797 2700 2199 2787 praedicatur
2236 2696 2465 2767 λευκόν
2501 2712 2568 2766 et
2602 2724 2768 2786 μου·

557 2800 764 2883 σικόν,
806 2828 939 2872 non
988 2817 1204 2894 potest
1245 2805 1399 2871 inde
1446 2804 1617 2870 effici
1664 2817 1734 2869 ut
1777 2797 1854 2870 τὸ
1898 2801 2213 2888 μουσικόν
2253 2805 2419 2871 idem
2458 2808 2541 2871 sit
2578 2827 2655 2868 ac
2687 2801 2765 2870 td

555 2905 784 2976 λευκόν
826 2911 933 2976 vel
970 2915 1112 2977 vice
1141 2933 1354 2985 versa;
1400 2920 1466 2975 at
1494 2919 1669 2975 recte
1700 2913 1784 2974 ita
1818 2908 2236 2987 concluditur,
2281 2913 2333 2974 si
2362 2909 2768 2998 praedicatur

556 3011 640 3078 de
685 3012 894 3100 aliqua
938 3038 1009 3081 re
1051 3037 1187 3082 non
1223 3014 1398 3101 quod
1439 3016 1498 3077 ei
1538 3011 1801 3090 accidat,
1844 3012 1961 3078 sed
1995 3012 2171 3099 quod
2205 3018 2273 3079 in
2307 3019 2442 3081 eius
2477 3014 2767 3081 substan-

553 3118 645 3181 tia
687 3119 853 3182 insit.
947 3120 1032 3184 Et
1087 3119 1213 3183 hoc
1268 3115 1523 3204 quidem
1581 3116 1975 3204 significatur
2023 3140 2139 3205 per
2180 3139 2538 3205 pronomen
2582 3113 2767 3203 ὅπερ,

555 3224 733 3286 cuius
776 3243 958 3288 usum
1001 3223 1478 3289 Aristotelicum
1534 3232 1710 3287 recte
1754 3221 2029 3308 explicat
2068 3221 2430 3288 Alexander
2471 3220 2557 3289 ad
2591 3224 2763 3309 Top.

553 3325 644 3391 111
676 3328 735 3391 l.
767 3328 934 3393 273a
961 3330 1071 3394 14:
1118 3323 1198 3393 τό
1250 3321 1496 3412 «ὅπερ»
1548 3322 1731 3410 αὐτῷ
1773 3328 1895 3393 τοῦ
1935 3329 2169 3414 κυρίως
2213 3330 2353 3394 ἐστὶ
2389 3321 2764 3408 δηλωτικόν,

552 3432 665 3496 καὶ
710 3421 763 3514 ᾧ
808 3427 895 3499 ἂν
937 3434 1280 3524 προστεθῇ
1318 3427 1395 3498 τὸ
1426 3427 1587 3517 ὅπερ
1616 3426 1693 3496 τὸ
1722 3434 1957 3517 κυρίως
1986 3436 2191 3496 ἐκεῖνο
2231 3428 2399 3497 εἶναι
2438 3435 2763 3515 σημαίνει,

555 3532 701 3603 οἷον
747 3531 907 3620 ὅπερ
953 3531 1316 3622 ἄνθρωπος
1360 3534 1397 3601 ὁ
1441 3538 1678 3621 κυρίως
1716 3530 2079 3621 ἄνθρωπος
2111 3536 2246 3601 κτλ.
2315 3535 2613 3601 Excludit
2645 3538 2765 3625 igi-

553 3650 658 3707 tur
700 3661 1059 3727 pronomen
1105 3636 1263 3725 ὅπερ
1310 3662 1724 3726 quaecunque
1769 3642 1865 3705 rei
1917 3637 2226 3717 accidunt,
2267 3639 2538 3706 includit
2574 3644 2761 3708 unice

556 3765 631 3809 ea
676 3768 840 3829 quae
883 3748 951 3813 in
993 3744 1365 3823 substantia,
1407 3749 1479 3808 ἐν
1525 3747 1615 3828 τῷ
1659 3746 1725 3809 τί
1767 3748 1945 3809 ἐστιν
1993 3745 2143 3822 ciue,
2186 3746 2421 3809 insunt.
2486 3745 2761 3825 (Waitz

554 3848 636 3913 ad
667 3850 827 3938 Org.
873 3873 935 3936 p.
970 3852 1095 3915 467
1140 3847 1316 3935 quod
1353 3847 1573 3912 scribit
1614 3848 2047 3912 «Pronomine
2088 3842 2249 3934 ὅπερ
2289 3851 2489 3913 utitur
2520 3850 2763 3915 Aristo·

554 3952 730 4031 teleS,
773 3965 846 4020 ut
887 3953 1206 4041 significet
1249 3952 1520 4039 aliquam
1564 3974 1696 4017 rem
1740 3954 1830 4016 ita
1872 3955 2270 4019 coniunctam
2312 3972 2454 4019 esse
2493 3974 2633 4017 cum
2673 3951 2761 4016 al-

552 4060 747 4123 terius
784 4061 878 4123 rei
917 4068 1159 4138 natura,
1203 4068 1276 4123 ut
1314 4080 1449 4125 eam
1490 4056 1943 4143 complectatur
1980 4060 2143 4122 sicut
2179 4078 2389 4145 genus
2423 4059 2745 4142 speciem».

554 4165 736 4227 nimis
783 4166 1068 4251 angustis
1111 4161 1348 4226 finibus
1394 4163 1580 4227 huius
1626 4164 2020 4247 pronominis
2058 4184 2238 4227 usum
2287 4159 2757 4226 circumscribit.

553 4268 795 4333 Verum
841 4267 1093 4354 quidem
1141 4277 1264 4344 est,
1319 4288 1514 4352 saepe
1569 4268 1861 4351 usurpari
1904 4265 1985 4329 ab
2030 4264 2378 4331 Aristotele
2406 4263 2757 4335 ,formulam

555 4366 715 4459 ὅπερ
761 4370 927 4450 τόδε,
971 4381 1040 4437 ut
1076 4369 1472 4460 significetur
1507 4373 1693 4435 notio
1734 4369 2155 4445 universalior
2191 4393 2354 4457 quae
2392 4369 2563 4435 illam
2604 4390 2757 4437 con-

553 4479 760 4542 tineat
806 4488 878 4542 ut
930 4498 1134 4563 genus
1191 4477 1498 4563 speciem,
1559 4487 1623 4540 et
1679 4478 1857 4561 quasi
1916 4496 2036 4562 pro
2095 4477 2475 4562 synonymis
2531 4473 2755 4541 haberi
