3109 5175
594 383 734 462 174
1419 389 1493 463 Γ
1529 387 1603 463 2.
1668 377 1953 465 moab.

589 567 661 634 δὲ
715 564 796 634 τό
850 590 921 634 τε
977 562 1058 634 ὂν
1114 564 1299 634 ἅπαν
1352 564 1520 634 καθ’
1562 574 1633 635 ἔν
1686 592 1752 633 τι
1806 569 1917 633 καὶ
1961 562 2185 635 κοινὸν
2234 568 2494 653 λέγεται
2542 566 2795 634 πολλα-

583 673 716 758 χῶς
759 668 1176 756 λεγόμενον),
1236 682 1301 738 et
1358 694 1477 760 per
1533 695 1606 738 se
1650 682 2146 737 consentaneum
2193 683 2292 738 est
2335 672 2557 738 eadem
2604 693 2794 738 omne

589 798 702 842 ens
745 778 1115 867 investigari
1160 789 1226 844 et
1270 780 1579 865 cognosci
1623 781 1921 856 scientia,
1979 788 2043 842 et
2088 776 2387 864 exemplis
2438 775 2794 841 medicinae

589 880 973 968 aliarumque
1018 884 1241 947 artium
1288 881 1757 969 comprobatur.
1833 883 2013 970 Ergo
2060 885 2296 946 entium
2342 886 2622 948 omnium
2668 903 2797 946 una

587 996 776 1072 atque
821 985 1040 1050 eadem
1088 997 1188 1052 est
1230 989 1510 1052 scientia.
1543 1024 1631 1035 —
1676 987 1750 1051 In
1799 985 2265 1074 distinguendis
2308 985 2523 1051 verbis
2553 988 2797 1051 Aristo-

586 1089 731 1155 telis
788 1088 1067 1176 paullum
1128 1112 1164 1155 a
1218 1094 1600 1156 recensione
1656 1090 2058 1157 Bekkeriana
2115 1092 2371 1156 recessi.
2461 1089 2796 1156 Bekkerus

584 1196 666 1259 ⁶1
712 1204 864 1281 post
906 1191 1110 1275 αὐτῆς
1155 1205 1220 1259 et
1262 1198 1304 1259 4
1349 1204 1503 1281 post
1544 1198 1837 1279 ὶατρικῆς
1882 1206 1948 1261 et
1991 1198 2033 1261 5
2076 1205 2227 1283 post
2262 1190 2520 1272 τούτοις
2557 1206 2794 1282 puncta

586 1302 850 1364 maxima
893 1302 1140 1385 posuit3
1186 1297 1301 1363 sed
1344 1297 1744 1384 probabilius
1789 1298 2057 1378 videtur,
2102 1321 2291 1386 quum
2337 1308 2490 1384 post
2534 1321 2638 1364 vv.
2676 1296 2798 1385 οὐχ

588 1398 946 1486 ὁμωνύμως
1001 1400 1273 1467 addatur
1325 1402 1636 1488 particula
1692 1401 2087 1468 adversativa
2151 1397 2324 1478 ἀλλ’,
2390 1423 2525 1468 non
2587 1402 2796 1468 solum

589 1506 709 1572 alia
769 1505 1075 1593 quaedam
1134 1506 1419 1593 exempla
1478 1509 1833 1571 enumerari
1884 1507 2017 1572 τῶν
2071 1500 2239 1591 πρὸς
2293 1506 2366 1570 ἓν
2410 1508 2795 1593 λεγομένων,

586 1609 701 1677 sed
750 1633 825 1677 ea
868 1608 951 1675 ad
995 1612 1194 1697 ipsam
1241 1615 1404 1675 entis
1447 1613 1779 1676 notionem
1824 1612 2076 1690 referri,
2130 1610 2199 1676 id
2245 1610 2419 1697 quod
2465 1610 2653 1676 facile
2698 1633 2794 1677 as-

587 1719 907 1803 sequimur
951 1736 1043 1793 ea,
1088 1736 1274 1800 quam
1319 1717 1578 1792 institui,
1624 1713 2054 1781 distinctione.
2122 1716 2410 1802 Longius
2448 1728 2656 1782 autem
2694 1737 2795 1781 ex-

586 1819 761 1885 tendi
809 1823 1210 1885 enunciatum
1257 1822 1644 1906 argumentis
1692 1818 2075 1907 exemplisve
2132 1817 2355 1898 illatis,
2411 1819 2476 1885 id
2539 1820 2794 1908 quidem

586 1926 1051 1990 usitatissimum
1102 1933 1198 1988 est
1238 1922 1586 1988 Aristoteli.
1679 1924 1965 2001 (Eodem
2015 1922 2303 2011 exemplo
2348 1925 2470 1989 τοῦ
2508 1921 2797 2008 ὑγιεινοῦ

588 2027 668 2094 ad
704 2027 1076 2093 illustranda
1115 2021 1200 2091 τὰ
1235 2029 1611 2112 πλεοναχῶς
1647 2024 1969 2113 λεγόμενα
2002 2032 2197 2093 utitur
2224 2030 2393 2115 Top.
2424 2029 2453 2093 1
2487 2032 2590 2095 15.
2627 2031 2796 2095 1⁰6⁶

584 2137 734 2215 34.)
808 2132 1064 2197 Deinde
1101 2133 1186 2196 1⁵9
1230 2141 1381 2217 post
1423 2128 1654 2208 οὐσίας
1695 2152 1971 2211 comma,
2027 2132 2202 2218 quod
2244 2136 2311 2198 in
2356 2133 2649 2199 omnibus
2698 2144 2796 2198 est

583 2238 764 2302 libris
795 2237 998 2314 editis,
1036 2235 1452 2301 omittendum
1483 2234 1775 2315 iudicavi,
1811 2259 1941 2323 quo
1972 2239 2171 2324 magis
2207 2250 2558 2324 appareret,
2594 2237 2791 2302 verba

584 2342 716 2407 τῶν
772 2336 937 2426 πρὸς
993 2334 1115 2419 τὴν
1172 2336 1408 2404 οὐσίαν
1463 2341 1828 2423 λεγομένων
1884 2340 2154 2428 perinde
2211 2363 2516 2428 suspensa
2567 2363 2708 2407 esse
2753 2363 2790 2405 a

584 2469 686 2511 vv.
733 2447 1002 2534 φθοραὶ
1046 2439 1090 2524 ἢ
1135 2439 1464 2526 στερήσεις
1506 2479 1592 2492 -
1634 2441 1981 2528 γεννητικοέ
2028 2467 2103 2510 ac
2147 2450 2498 2534 genitivum
2545 2443 2791 2522 οὐσίας.

585 2548 919 2641 Significat
974 2559 1179 2615 autem
1238 2547 1333 2613 his
1390 2546 1633 2629 verbiS‚
1684 2548 1767 2614 ⁶6
1813 2545 1899 2615 τὰ
1939 2552 2060 2636 μὲν
2103 2546 2232 2637 γὰρ
2277 2546 2381 2617 ὅτι
2438 2547 2656 2616 οὐσίαι
2704 2588 2793 2601 -

588 2659 674 2722 10
718 2653 965 2733 οὐσίας,
1016 2652 1236 2718 eadem
1283 2651 1444 2728 fere,
1493 2674 1657 2738 quae
1711 2653 1859 2719 alibi
1906 2654 2126 2732 decem
2174 2660 2634 2744 categoriarum
2681 2676 2793 2742 ge-

581 2758 847 2826 neribus
877 2756 1336 2844 complectitur,
1381 2756 1459 2821 cf.
1500 2757 1680 2821 Alex.
1725 2781 1789 2844 p.
1823 2762 1969 2838 198,
2003 2764 2038 2826 1
2074 2782 2225 2847 sqq„
2268 2781 2392 2825 nec
2438 2770 2644 2824 tamen
2689 2763 2792 2822 iis-

583 2863 726 2929 dem
772 2867 968 2929 utitur
1011 2859 1371 2927 nominibus
1414 2861 1520 2926 vel
1569 2862 1797 2927 eodem
1844 2885 1919 2928 ea
1967 2864 2194 2930 ordine
2240 2874 2581 2942 enumerat,
2634 2883 2792 2949 quo-

583 2970 749 3033 niam
795 2967 861 3034 id
905 2970 1296 3055 potissimum
1341 2965 1446 3030 hic
1488 2970 1717 3054 agitur,
1761 2979 1832 3034 ut
1876 2969 2203 3055 quomodo
2250 2967 2333 3033 ad
2376 2969 2788 3035 substantiam

585 3075 796 3139 omnia
840 3072 1200 3136 referantur
1244 3080 1560 3155 appareat.

720 3178 922 3242 1003»
950 3178 1033 3241 16
1077 3174 1502 3258 πανταχοῦ
1544 3174 1623 3239 δὲ
1670 3211 1750 3226 -
1797 3175 1887 3239 22
1930 3175 2086 3241 τῶν
2131 3176 2388 3243 εἱδῶν.
2465 3174 2787 3261 Quoniam

583 3279 649 3346 id
688 3278 864 3366 quod
900 3284 1161 3344 maxime
1199 3289 1348 3358 est,
1393 3277 1560 3344 idem
1594 3282 1858 3344 maxime
1895 3289 1992 3345 est
2020 3280 2261 3361 scibile,
2308 3282 2388 3346 cf.
2433 3305 2478 3344 α
2522 3284 2578 3347 1.
2618 3281 2788 3345 993⁶

582 3387 701 3464 30,
757 3388 814 3449 si
860 3407 982 3471 qua
1027 3388 1288 3449 scientia
1333 3385 1515 3472 plura
1562 3387 1629 3449 in
1673 3404 1744 3449 se
1801 3389 2119 3466 continet,
2178 3408 2254 3451 ex
2310 3386 2536 3472 quibus
2593 3404 2785 3449 unum

581 3490 935 3577 principem
979 3489 1230 3556 obtinet
1274 3489 1483 3555 locum
1532 3498 1599 3553 et
1639 3487 1882 3575 reliqua
1926 3512 1962 3553 a
2008 3512 2078 3554 se
2122 3491 2317 3556 habet
2355 3511 2677 3577 suspensa,
2723 3493 2786 3554 in

582 3596 711 3661 hoc
767 3598 973 3681 primo
1030 3593 1488 3683 cognoscendo
1543 3592 1884 3678 peculiaris
1943 3598 2079 3658 eius
2137 3597 2440 3659 scientiae
2482 3597 2579 3659 vis
2637 3600 2789 3673 (κυ-

583 3702 739 3786 ρίως
774 3701 945 3779 hm)
983 3702 1287 3763 cernitur.
1371 3699 1461 3762 lta
1507 3697 1935 3783 philosophia,
1980 3720 2170 3784 quum
2215 3697 2298 3763 ad
2344 3701 2555 3763 omnia
2598 3700 2787 3785 perti—

584 3814 736 3870 neat
780 3806 976 3882 entia,
1022 3802 1102 3867 ad
1147 3802 1664 3891 cognoscendam
1708 3801 2136 3881 substantiam,
2189 3801 2271 3867 ad
2314 3824 2496 3889 quam
2543 3801 2788 3888 reliqua

583 3908 976 3986 referuntur,
1030 3910 1423 3993 potissimum
1482 3914 1746 3991 spectat.
1836 3905 2123 3972 Pertinet
2174 3918 2379 3972 autem
2425 3908 2787 3972 universum

583 4032 788 4099 genus
832 4010 1279 4098 philosophiae
1324 4009 1404 4076 ad
1451 4013 1813 4075 universum
1859 4032 2063 4098 genus
2109 4014 2363 4090 entium,
2407 4013 2591 4075 sicuti
2636 4009 2786 4075 alibi

585 4117 769 4180 etiam
815 4113 981 4179 idem
1028 4135 1231 4202 genus
1275 4114 1380 4180 vel
1428 4113 1726 4180 sensibile
1772 4113 1878 4177 vel
1915 4113 2137 4179 scibile
2179 4115 2382 4180 eidem
2421 4119 2644 4202 generi
2682 4114 2789 4179 vel

583 4238 810 4284 sensus
852 4217 959 4284 vel
1002 4220 1304 4283 scientiae
1349 4220 1706 4295 subiicitur;
1750 4217 2040 4306 singulae
2086 4228 2294 4284 autem
2338 4223 2586 4306 species
2624 4223 2787 4283 entis

585 4317 712 4404 (τὰ
756 4325 837 4390 δὲ
883 4321 1020 4403 εἴδη
1056 4324 1204 4400 ὂ22,
1248 4322 1356 4387 ubi
1402 4323 1653 4409 quidem
1697 4321 2067 4409 particulam
2114 4320 2574 4387 adversativam
2612 4324 2682 4387 δέ
2717 4333 2788 4388 ut

585 4431 892 4514 aptiorem
952 4450 1026 4493 ex
1073 4426 1435 4493 Alexandro
1492 4433 1706 4516 recepi
1760 4449 1882 4515 pro
1933 4427 2190 4516 vulgata
2233 4426 2542 4513 particula
2590 4448 2787 4513 copu-

584 4531 776 4598 lativa
810 4536 919 4615 rs)
961 4531 1229 4622 singulis
1270 4533 1608 4621 speciebus
1643 4536 1778 4599 sive
1813 4532 2119 4597 doctrinis
2153 4530 2601 4619 philosophiae
2636 4551 2786 4595 con·
