3109 5175
599 366 744 439 316
1424 369 1499 437 Ζ
1542 307 1642 438 6..
1698 365 1962 439 1031α.

735 543 943 608 1031a
983 544 1065 607 19
1109 543 1239 606 ἐπὶ
1277 580 1366 592 -
1401 542 1490 608 28
1535 537 1642 607 οὔ.
1718 545 1947 608 Utrum
1990 539 2157 608 idem
2194 545 2276 607 sit
2311 564 2414 608 res
2454 552 2521 608 et
2558 545 2694 607 eius
2726 536 2807 608 τὸ

597 669 710 725 τηε
756 666 1063 731 quaerere
1107 667 1365 711 exorsus
1410 650 1474 710 in
1521 645 1711 712 rebus
1756 646 2252 711 accidentalibus
2297 651 2445 732 (qui
2484 648 2623 712 fere
2667 668 2809 711 mos

601 759 697 814 est
745 749 1104 816 Aristotelis
1148 753 1216 814 in
1262 750 1389 814 hoc
1433 749 1801 836 disputandi
1846 772 2113 838 genere,
2160 750 2239 815 cf.
2285 752 2354 815 Ε
2388 753 2450 816 2.
2501 751 2705 815 low
2740 751 2807 816 3.

599 855 653 918 Δ
695 855 754 932 6,
801 856 854 931 7,
898 858 959 919 9.
1003 854 1151 934 aL),
1210 855 1372 920 hanc
1418 858 1615 939 ipsam
1674 858 2109 939 quaestionem
2167 853 2421 930 dividit;
2479 858 2810 941 quaeritur

603 959 767 1022 enim
814 960 1079 1043 primum
1126 981 1275 1023 num
1318 980 1419 1022 res
1457 979 1598 1023 cum
1638 957 1964 1022 accidente
2001 957 2216 1044 aliquo
2255 960 2598 1023 coniuncta
2638 957 2809 1023 idem

601 1065 686 1126 sit
729 1073 918 1148 atque
961 1057 1040 1128 τό
1084 1083 1201 1141 τηε
1248 1061 1560 1140 eiusdem,
1614 1057 1895 1147 πότερον
1951 1055 2176 1137 λευκὸς
2231 1055 2603 1146 ἄνθρωπος
2649 1058 2811 1126 ταύ-

601 1161 721 1230 τὸν
777 1167 891 1229 καὶ
946 1166 1150 1248 λευκῷ
1206 1161 1549 1249 ἀνθρώπῳ
1606 1162 1772 1229 εἶναι
1818 1168 2185 1244 alo—25,
2245 1163 2478 1229 deinde
2537 1186 2687 1230 num
2730 1158 2811 1230 τὸ

601 1291 716 1346 τηε
774 1272 961 1333 unius
1020 1267 1362 1333 accidentis
1419 1269 1587 1332 idem
1634 1270 1715 1331 sit
1759 1289 1833 1333 ac
1877 1264 1952 1334 τὸ
1999 1293 2110 1349 τηε
2156 1268 2443 1347 alteriuS,
2505 1267 2680 1354 quod
2726 1271 2811 1333 ei-

603 1371 750 1437 dem
808 1375 901 1436 rei
956 1372 1267 1449 inhaeret,
1325 1369 1698 1450 accidentiS,
1758 1372 1958 1437 veluti
2012 1369 2090 1438 τὸ
2150 1373 2352 1455 λευκῷ
2406 1368 2576 1438 εἶναι
2621 1383 2689 1437 et
2730 1367 2809 1436 τὸ

602 1478 892 1560 μουσικῷ
937 1469 1102 1540 εἶναι
1142 1477 1496 1541 α25-28,
1591 1476 1675 1538 Et
1716 1475 1874 1542 illud
1922 1476 2200 1562 quidem,
2262 1496 2396 1539 non
2454 1497 2598 1540 esse
2642 1474 2809 1539 idem

605 1572 834 1644 λευκὸν
891 1572 1259 1663 ἄνθρωπον
1315 1589 1381 1643 et
1438 1574 1516 1643 τὸ
1573 1579 1775 1661 λευκῷ
1816 1575 2168 1666 ἀνθρώπῳ,
2204 1576 2398 1656 εἶναι,
2455 1582 2811 1667 apagogice

605 1684 775 1748 huuc
817 1688 884 1748 in
927 1682 1184 1747 modum
1225 1680 1618 1768 comprobat.
1694 1684 1825 1747 Fac
1867 1683 2033 1748 idem
2082 1704 2223 1747 esse
2267 1677 2495 1747 λευκὸν
2539 1676 2811 1767 ἀνθρω-

603 1808 735 1852 πον
793 1797 858 1850 et
921 1779 999 1852 τὸ
1059 1787 1261 1868 λευκῷ
1319 1782 1661 1868 ἀνθρώπῳ
1722 1781 1918 1863 εἶναι,
1978 1789 2149 1872 atqui
2206 1785 2373 1850 idem
2422 1807 2562 1850 esse
2609 1786 2809 1874 vulgo

607 1888 734 1970 (ὡς
779 1891 990 1979 φασίν
1029 1891 1203 1970 a23)
1262 1889 1578 1954 iudicatur
1634 1883 1996 1973 ἄνθρωπος
2056 1900 2120 1954 et
2163 1883 2527 1977 ἅνθρωπος
2571 1886 2811 1968 λευκός,

610 2005 675 2060 et
720 1993 935 2081 (quod
983 1997 1375 2081 cogitatione
1417 1993 1606 2057 facile
1652 1991 1847 2056 addas
1884 1992 1966 2057 ad
2003 1991 2200 2057 verba
2233 1991 2608 2070 AristoteliS‚
2656 2015 2812 2079 quo-

606 2102 774 2163 niam
822 2098 903 2163 de
946 2098 1313 2163 substantiis
1355 2101 1720 2161 necessario
1771 2095 2175 2160 asserendum
2225 2107 2322 2161 est
2364 2095 2430 2161 id
2475 2097 2652 2182 quod
2698 2119 2812 2183 po-

607 2207 781 2267 nitur
823 2205 887 2266 in
935 2199 1401 2279 accidentibus)
1449 2200 1614 2264 idem
1662 2209 1760 2265 est
1803 2195 2166 2284 ἄνθρωπος
2217 2211 2280 2264 et
2335 2195 2414 2265 τὸ
2470 2198 2811 2289 ἀνθρώπῳ

609 2301 801 2371 sivae:
847 2327 1002 2392 ergo
1051 2323 1447 2388 consequens
1493 2308 1615 2367 erit
1657 2299 1899 2384 (ὥστε
1936 2306 2108 2381 α23)
2147 2315 2217 2368 ut
2253 2303 2419 2368 idem
2455 2307 2539 2369 sit
2574 2299 2653 2370 τὸ
2694 2303 2811 2370 ἀν-

608 2404 865 2493 θρώπῳ
909 2405 1076 2473 εἶναι
1121 2418 1186 2472 et
1229 2402 1303 2471 τὸ
1342 2407 1545 2488 λευκῷ
1583 2403 1924 2494 ἀνθρώπῳ
1960 2405 2142 2471 εἶναι.
2212 2407 2414 2492 Quod
2453 2431 2644 2494 quum
2687 2432 2810 2474 ma·

609 2512 845 2576 nifesto
892 2509 1227 2578 absurdum
1274 2512 1381 2589 sit,
1437 2531 1574 2574 eam
1624 2513 1808 2574 etiam
1852 2514 2359 2599 propositionem
2404 2512 2624 2577 falsam
2675 2535 2811 2579 esse

613 2628 897 2703 apparet,
948 2637 1023 2680 ex
1069 2636 1190 2700 qua
1237 2614 1363 2677 hoc
1409 2626 1543 2679 erat
1589 2615 1973 2681 conclusum.
2065 2619 2148 2681 Et
2191 2616 2635 2704 syllogismum
2683 2620 2811 2705 qui-

613 2721 775 2799 dem,
820 2742 1002 2805 quem
1038 2717 1420 2806 significavit
1450 2722 1646 2807 magis
1677 2742 1859 2805 quam
1895 2720 2195 2807 explicuit
2225 2720 2620 2799 Aristoteles,
2660 2744 2811 2785 cave

616 2847 691 2889 ex
734 2835 959 2890 natura
996 2826 1220 2887 tertiae
1255 2821 1773 2911 syllogismorum
1810 2824 2056 2911 figurae
2092 2823 2414 2903 diiudicae,
2461 2824 2636 2912 quod
2670 2824 2813 2890 Ale-

611 2928 853 2995 xander
897 2926 1150 2992 videtur
1192 2926 1474 2992 voluisse
1518 2950 1581 3013 p.
1617 2929 1762 3006 447,
1810 2930 1923 3003 10;
1981 2950 2169 3014 quum
2230 2932 2392 2992 enim
2437 2933 2502 2994 in
2548 2927 2812 3017 singulis

613 3030 1160 3119 propositionibus
1194 3054 1382 3116 supra
1414 3034 1640 3116 positis
1668 3052 1802 3095 nou
1833 3031 2237 3096 subsumatur
2263 3032 2609 3097 subiectum
2638 3056 2812 3119 prae-

616 3135 846 3213 dicato,
890 3133 1003 3198 sed
1048 3134 1252 3199 idem
1297 3146 1627 3219 utrumque
1674 3156 1813 3199 esse
1849 3145 2143 3220 ponatur,
2188 3158 2303 3221 per
2334 3141 2812 3202 couversionem

617 3239 961 3325 simplicem
1019 3237 1228 3326 redigi
1284 3248 1554 3324 possunt
1611 3238 1692 3302 ad
1744 3243 2005 3326 primam
2051 3240 2335 3327 figuram.
2427 3240 2566 3306 Cur
2609 3251 2812 3306 autem

615 3363 752 3409 non
797 3341 984 3406 liceat
1029 3347 1185 3430 poni
1228 3343 1396 3409 idem
1445 3364 1584 3407 esse
1628 3347 1693 3408 in
1740 3344 1865 3409 hoc
1893 3366 2102 3409 rerum
2132 3366 2373 3432 genere
2408 3366 2539 3409 rem
2582 3356 2648 3410 et
2683 3350 2812 3411 eius

616 3440 694 3511 τὸ
740 3470 868 3526 τηε,
914 3447 1010 3510 his
1056 3447 1373 3535 significat
1415 3447 1625 3513 verbis
1667 3450 1832 3513 ⁶25:
1877 3445 1957 3514 οὐ
1997 3446 2124 3534 γάρ
2172 3446 2476 3524 ὡσαύτως
2517 3447 2603 3513 τά
2646 3444 2812 3536 ἄκρα

616 3554 909 3635 γίγνεται
948 3547 1184 3629 ταύτά,
1229 3550 1286 3615 h.
1322 3573 1375 3615 e.
1421 3572 1556 3616 non
1604 3551 2070 3617 eodemmodo
2116 3575 2325 3639 neque
2373 3551 2594 3617 eadem
2637 3557 2702 3617 vi
2745 3575 2815 3616 ac

618 3666 935 3741 potestate
981 3657 1227 3720 termini
1274 3655 1630 3742 syllogismi
1678 3655 1837 3720 alter
1880 3678 2019 3721 cum
2066 3657 2267 3722 altero
2310 3656 2482 3721 idem
2529 3679 2669 3722 esse
2704 3678 2813 3743 po·

620 3770 875 3824 nuntur.
964 3760 1108 3823 Hoc
1157 3764 1318 3824 enim
1364 3760 1618 3824 videtur
1663 3762 1972 3846 cogitare:
2031 3764 2085 3825 si
2126 3761 2309 3826 'idem
2371 3759 2632 3825 dicimus
2681 3782 2813 3825 esse

621 3858 989 3950 ἄνθρωπον
1038 3860 1264 3929 λευκόν
1311 3874 1374 3929 et
1418 3858 1758 3947 ἀνθρώπῳ
1804 3864 2005 3946 λευκῷ
2049 3862 2231 3943 εἶναι,
2274 3862 2387 3928 tali
2425 3868 2657 3929 utimur
2693 3864 2815 3950 syl-

619 3965 925 4053 logismo:
973 3959 1338 4055 ἄνθρωπος
1384 3975 1523 4031 esto
1571 3965 1736 4035 idem
1784 3987 1859 4029 ae
1901 3961 1978 4031 τὸ
2024 3963 2364 4055 ἀνθρώπῳ
2410 3965 2607 4046 εἶναι,
2650 3971 2815 4054 atqui

621 4068 788 4134 idem
835 4081 933 4135 est
978 4063 1342 4156 ἄνθρωπος
1387 4080 1452 4135 et
1493 4063 1717 4145 λευκὸς
1759 4063 2147 4155 ἄνθρωποςε
2206 4092 2367 4159 ergo
2419 4069 2589 4135 idem
2635 4073 2815 4136 etiam

624 4177 744 4238 erit
789 4167 1012 4249 λευκὸς
1057 4167 1423 4257 ἄνθρωπος
1469 4182 1534 4237 et
1579 4173 1780 4256 λευκῷ
1825 4170 2167 4259 ἀνθρώπῳ
2213 4171 2392 4241 εἶναι.
2463 4175 2550 4238 At
2592 4177 2660 4239 in
2706 4176 2817 4240 hac

623 4280 1109 4342 ratiocinatione
1163 4277 1627 4362 propositionis
1671 4280 1928 4342 maioris
1973 4282 2223 4344 termini
2269 4278 2435 4343 idem
2480 4288 2629 4343 sunt
2672 4276 2806 4344 κατ’

626 4377 877 4459 οὐσίαν,
910 4381 1371 4466 propositionis
1403 4382 1664 4444 minoris
1697 4376 1867 4446 κατὰ
1903 4377 2149 4459 πάθος,
2186 4382 2263 4446 cf.
2297 4384 2444 4460 ⁶27,
2474 4381 2632 4446 nihil
2666 4403 2815 4471 ergo

626 4481 775 4548 licet
805 4482 1127 4564 concludi,
1154 4485 1447 4568 quoniam
1479 4467 1564 4549 τά
1593 4477 1763 4571 ἄκρα
1795 4481 1912 4569 οὐχ
1943 4481 2249 4564 ὡσαύτως
2276 4488 2569 4571 γίγνεται
2595 4480 2814 4552 ταύτά.
