3109 5175
2406 387 2492 462 ll

293 561 549 628 ratione
592 558 1001 649 intelligitur3
1044 558 1378 630 dialectice
1423 563 1590 632 enim
1633 559 1914 649 disputat
1956 573 2027 629 ut
2057 565 2500 649 quaeaflonun

293 674 522 732 natura
562 664 921 745 illucescat,
976 687 1186 751 neque
1226 685 1386 731 vero
1431 675 1504 730 ut
1544 669 1753 752 ipsum
1796 668 1920 732 iam
1961 688 2180 732 verum
2221 669 2501 732 iuvenia-

293 777 424 844 turz
467 789 681 855 neque
710 772 883 834 istae.
911 772 1337 855 quaestiones,
1383 791 1538 854 quas
1569 767 1926 855 quindecim
1955 772 2374 857 persequitur,
2418 790 2504 838 eo

295 882 439 938 suut
492 869 730 938 'ordine
786 869 1159 960 dispositae,
1217 874 1327 959 qui
1371 871 1819 958 disputationis
1863 873 2292 940 instituendae
2334 876 2502 940 viam

295 984 439 1060 apte
465 977 680 1062 possit
706 975 1089 1064 significare,
1133 973 1265 1054 sed,
1310 974 1486 1062 quod
1519 984 2016 1044 consentaneum
2050 986 2147 1042 est
2172 975 2314 1042 fieri
2342 997 2506 1042 nou-

296 1077 441 1144 dum
490 1078 803 1165 explicata
849 1082 943 1148 rei
985 1091 1228 1160 natura,
1272 1078 1584 1144 disiuncta
1628 1082 1881 1166 saepius
1924 1089 2073 1146 sunt
2111 1082 2282 1146 inter
2324 1101 2395 1146 se
2437 1089 2505 1145 et

294 1193 616 1268 separata,
673 1203 839 1268 quae
896 1182 1116 1249 eadem
1175 1181 1607 1269 disputatione
1649 1181 1997 1250 dirimenda
2044 1194 2226 1250 erant
2268 1194 2336 1249 et
2377 1182 2506 1252 sol-
2571 1256 2588 1272 δ

298 1284 527 1352 venda.
620 1287 787 1354 Tum
834 1285 1005 1352 libro
1051 1287 1120 1352 Γ
1152 1290 1352 1374 ipsam
1409 1285 1663 1352 orditur
1715 1289 1978 1373 primam
2037 1286 2506 1373 philosophiam

300 1388 636 1476 explicare.
703 1390 1124 1476 Inquirendae
1168 1401 1319 1456 sunt
1360 1393 1430 1456 in
1473 1393 1673 1477 prima
1702 1389 2105 1476 philosophia
2139 1412 2367 1457 causae
2397 1413 2506 1456 en-

296 1494 373 1556 tis
418 1503 734 1578 quatenus
782 1505 880 1560 est
923 1515 1035 1559 ens
1079 1497 1162 1574 (c.
1198 1496 1294 1575 l);
1341 1516 1416 1559 ac
1458 1494 1608 1562 licet
1651 1514 1766 1558 ens
1797 1491 2199 1560 multifariam
2243 1492 2506 1572 dicatur,

300 1606 513 1662 tamen
572 1599 716 1683 quia
771 1602 1005 1663 entium
1049 1618 1291 1686 genera
1338 1601 1548 1663 omnia
1595 1596 1675 1662 ad
1721 1618 1911 1663 unam
1955 1597 2319 1662 referuntur
2360 1597 2510 1662 suh-

299 1703 610 1780 stantiam,
651 1703 852 1787 prima
889 1701 1299 1789 philosophia
1335 1724 1460 1770 una
1492 1711 1593 1770 est
1622 1711 1688 1768 et
1714 1700 1978 1788 simplex
2006 1704 2271 1768 scientia
2308 1705 2387 1780 (c.
2413 1703 2506 1781 2).

301 1799 765 1891 Cognoscendi
813 1814 1018 1874 autem
1063 1809 1371 1892 principia
1416 1810 1717 1893 quoniam
1762 1816 1829 1871 et
1859 1808 1995 1892 ipsa
2026 1805 2389 1870 referuntur
2424 1803 2508 1869 ad

304 1927 413 1970 ens
471 1916 791 1993 quatenus
848 1919 944 1974 est
995 1930 1143 1988 ens,
1195 1932 1403 1997 neque
1462 1908 1545 1974 ad
1605 1919 1843 1976 certum
1899 1906 2216 1994 quoddam
2265 1910 2506 1974 entium

301 2030 539 2097 genus,
580 2032 658 2076 ea
700 2010 1007 2099 indagare
1052 2012 1331 2082 eiusdem
1377 2024 1475 2078 est
1517 2016 1758 2100 primae
1801 2011 2245 2099 philosophiae
2290 2017 2372 2090 (c.
2412 2013 2506 2088 3).

301 2113 547 2179 Horum
604 2113 839 2181 deinde
892 2120 1351 2203 principiorum
1409 2115 1584 2202 quod
1641 2136 1945 2182 summum
1993 2126 2090 2182 est
2132 2125 2199 2180 et
2241 2116 2508 2179 certissi-

303 2238 485 2298 mum,
532 2221 907 2306 principium
953 2218 1490 2298 contradictionis,
1534 2230 1602 2286 et
1642 2218 1817 2305 quod
1861 2218 2016 2286 inde
2056 2216 2299 2304 pendet
2340 2221 2508 2303 prin-

305 2323 539 2408 cipium
583 2322 818 2390 exclusi
859 2323 1069 2403 medii,
1113 2327 1392 2410 exponit,
1436 2333 1502 2391 et
1544 2344 1919 2409 quamquam
1963 2344 2098 2388 non
2137 2321 2373 2387 directa
2414 2344 2510 2385 ar-

306 2431 784 2512 gumentatione
829 2428 1229 2514 comprobat,
1287 2426 1354 2492 id
1411 2426 1586 2512 quod
1640 2437 1902 2513 propter
1945 2429 2145 2512 ipsam
2189 2429 2287 2490 rei
2331 2436 2509 2492 natu-

307 2550 433 2594 ram
492 2529 636 2597 fieri
691 2552 828 2597 non
885 2542 1131 2617 potest,
1186 2534 1543 2620 apagogice
1589 2540 1797 2595 tamen
1843 2541 2066 2595 contra
2109 2528 2509 2597 adversarios

308 2632 595 2703 defendit
638 2646 705 2701 et
748 2634 919 2703 unde
964 2636 1196 2707 factum
1241 2639 1324 2701 sit
1367 2648 1439 2701 ut
1481 2634 1737 2721 quidam
1769 2632 2134 2723 philosophi
2165 2635 2310 2699 huic
2339 2638 2510 2722 prin-

308 2741 474 2823 cipio
523 2738 938 2804 adversentur
983 2740 1257 2825 explicat
1299 2743 1394 2818 (c.
1426 2740 1686 2819 3—8).
1732 2772 1818 2787 —
1874 2739 1992 2803 His
2037 2742 2400 2805 continetur
2445 2749 2511 2804 et

309 2840 661 2908 absolvitur
702 2842 1002 2921 formalis,
1046 2864 1228 2928 quam
1274 2862 1393 2907 nos
1436 2841 1790 2920 dixerimus,
1832 2863 1976 2928 pars
2019 2846 2258 2928 primae
2305 2843 2512 2929 philo-

308 2947 599 3030 sophiae,
656 2967 818 3031 quae
865 2958 960 3009 est
1004 2945 1086 3012 de
1130 2949 1455 3032 principiis
1500 2945 1969 3033 cognoscendi;
2027 2945 2287 3012 alteram
2347 2968 2509 3011 eam-

312 3070 429 3133 que
472 3049 675 3137 longe
721 3053 1039 3135 potiorem
1080 3061 1323 3135 partem
1369 3048 1451 3113 de
1492 3052 1820 3137 principiis
1864 3054 2027 3117 eutis
2067 3062 2377 3136 qnatenus
2414 3061 2512 3116 est

312 3171 420 3217 ens
466 3172 657 3239 quum
704 3153 1019 3239 explicare
1060 3156 1359 3234 instituit,
1414 3158 1681 3238 primum
1738 3152 1952 3218 denuo
2011 3159 2338 3221 notionem
2382 3156 2512 3241 pri-

312 3277 444 3321 mae
491 3255 941 3343 philosophiae
986 3255 1351 3346 diligentius
1396 3256 1717 3336 describit,
1761 3257 2072 3324 distinctis
2110 3264 2275 3324 inter
2309 3281 2379 3323 se
2416 3259 2509 3325 di-

313 3363 508 3424 versis
566 3359 1008 3445 philosophiae
1064 3361 1405 3448 generibus
1461 3362 1570 3440 (E
1609 3364 1706 3442 1).
1799 3363 1978 3427 Entis
2037 3373 2273 3440 autem,
2335 3365 2512 3426 cuius

315 3466 633 3547 quaeritur
669 3466 973 3550 cognitio,
1018 3487 1208 3550 quum
1253 3475 1526 3549 quatuor
1570 3468 1959 3552 potissimum
2005 3465 2287 3531 ferantur
2331 3475 2513 3531 nota-

315 3566 549 3645 tiones,
607 3586 720 3631 ens
765 3568 1189 3648 accidentale,
1241 3589 1355 3633 ens
1400 3567 1577 3654 quod
1620 3567 1940 3656 significat
1980 3572 2337 3645 veritatem,
2397 3588 2511 3632 ens

317 3665 675 3735 distinctum
719 3692 835 3757 per
877 3670 1163 3759 singulas
1206 3676 1593 3759 categorias,
1638 3671 1916 3757 denique
1961 3692 2073 3736 ens
2115 3673 2402 3756 potentia
2448 3681 2514 3735 et

318 3782 485 3853 actu,
540 3777 773 3860 primas
819 3774 978 3840 duas
1022 3774 1105 3840 ab
1150 3776 1268 3841 hac
1314 3775 1742 3862 disputatione
1786 3774 2025 3840 alienas
2069 3797 2207 3841 esse
2253 3773 2516 3841 demon-

318 3884 491 3961 δὲμὴ
549 3876 937 3945 accidentale
983 3883 1149 3944 enim
1198 3901 1309 3945 ens
1355 3881 1680 3945 scientiam
1726 3879 2055 3947 admittere
2100 3879 2365 3958 nullam,
2409 3903 2516 3945 ve·

319 3981 560 4046 ritatem
626 3991 836 4049 autem
902 3986 1353 4071 cognoscentis
1410 3983 1710 4049 affectum
1770 3983 2082 4069 quendam
2136 3983 2515 4071 siguificare,

320 4102 442 4149 non
498 4084 823 4169 peculiare
882 4090 1117 4154 eutium
1174 4108 1379 4174 genus
1437 4090 1532 4167 (c.
1574 4088 1835 4168 2—4).
1933 4089 2154 4173 Itaque
2213 4087 2294 4153 ad
2351 4087 2513 4154 illud

321 4191 536 4253 transit
579 4210 711 4266 ens,
756 4189 931 4274 quod
976 4190 1383 4278 distinguitur
1417 4212 1532 4278 per
1562 4213 1799 4279 genera
1830 4195 2308 4280 categoriarmn,
2353 4213 2514 4278 quae

323 4294 611 4374 quoniam
658 4292 741 4357 ad
786 4294 1193 4360 substantiam
1239 4294 1596 4359 referantur
1640 4300 1872 4375 omnia,
1916 4298 2327 4365 substantiam
2374 4317 2514 4360 esse

323 4394 815 4484 investigandam
860 4400 966 4479 (Z
991 4404 1091 4481 l).
1164 4399 1375 4484 Quam
1418 4397 1831 4467 substantiam
1878 4423 2065 4487 quum
2112 4399 2220 4465 alii
2265 4399 2404 4465 aliis
2447 4401 2514 4463 in

323 4500 657 4583 generibus
714 4502 837 4567 sibi
894 4502 1234 4571 videantur
1288 4505 1611 4571 invenisse
1668 4515 1734 4569 et
1792 4514 2063 4591 quatuor
2119 4504 2254 4569 {ere
2298 4502 2514 4568 distin-
