3109 5175
561 343 710 420 202
1394 343 1469 415 Γ
1506 340 1577 415 5.
1660 340 1957 417 10091»,

563 542 700 587 sum
758 518 1146 586 intellexisse
1199 540 1577 607 persuasum
1631 519 1859 585 babeo.
1950 516 2354 586 Confirmare
2413 519 2579 584 enim
2628 517 2772 584 vult

562 626 690 691 boc
742 646 961 703 versu,
1020 634 1258 690 mutata
1320 627 1512 689 animi
1569 623 1944 690 conditione
2006 617 2590 708 (μεταβάλλοντας
2645 618 2771 702 τὴν

563 726 733 810 ξαν)
772 731 1000 794 mutari
1037 727 1224 794 simul
1262 749 1557 793 sensuum
1594 730 2061 815 perceptiones,
2100 737 2166 792 et
2196 725 2417 791 eadem
2446 729 2511 791 vi
2540 736 2770 813 postea

562 832 752 898 affert
795 827 1002 899 ὅσσον
1047 829 1308 898 ἀλλοῖοι
1347 834 1661 922 μετέφυν
1704 835 1919 920 itaque
1964 853 2155 917 quum
2204 829 2474 896 eundem
2520 832 2590 895 in
2634 851 2769 896 mo-

563 935 709 1001 dum
755 934 1028 1024 intelligi
1074 935 1232 1002 velit
1272 931 1816 1021 μεταβάλλοντας
1856 930 1980 1015 τὴν
2022 932 2155 1014 ἕξιν
2202 946 2268 1000 et
2309 928 2478 1022 πρὸς
2517 930 2771 1022 παρεόν

562 1051 628 1105 et
670 1034 878 1106 ὅσσον
920 1036 1182 1105 ἀλλοῖοι
1221 1044 1523 1129 μετέφυν,
1567 1039 1765 1106 verba
1808 1033 1986 1127 πρὸς·
2009 1034 2262 1124 παρεόν
2300 1041 2386 1104 ita
2421 1041 2640 1124 potius
2678 1042 2770 1103 vi·

561 1144 750 1210 detur
784 1146 1132 1230 accepisse:
1174 1164 1295 1229 pro
1338 1165 1419 1208 eo
1455 1153 1627 1209 statu
1663 1147 1867 1225 animi,
1905 1147 2013 1229 qui
2050 1146 2278 1230 cuique
2311 1141 2509 1208 adest.
2579 1141 2770 1226 Quae

561 1246 814 1336 quidem
863 1245 1197 1333 explicatio
1232 1246 1597 1313 Aristotelis
1642 1260 1850 1314 utrum
1895 1269 2046 1311 vera
2092 1249 2175 1312 sit
2217 1268 2298 1311 an
2343 1245 2769 1333 praeferenda

560 1358 778 1439 potius
821 1355 1241 1438 interpretum
1285 1355 1615 1431 sententia,
1656 1361 1788 1418 tum
1832 1350 2083 1416 demum
2131 1351 2389 1417 decerni
2426 1350 2669 1428 liceret,
2712 1352 2769 1414 si

561 1460 921 1522 universum
969 1456 1417 1543 disputationis
1459 1458 1759 1543 poeticae
1802 1456 2093 1521 ordinem
2137 1459 2464 1544 cognitum
2506 1454 2769 1520 habere·

559 1581 726 1636 mus;
783 1560 899 1627 sed
954 1559 1068 1638 ille
1123 1582 1347 1627 versus
1404 1582 1539 1626 non
1592 1571 1689 1626 est
1730 1560 1996 1626 traditus
2040 1563 2165 1624 nisi
2206 1560 2289 1625 ab
2335 1562 2477 1647 ipso
2525 1559 2769 1624 Aristo·

561 1664 691 1730 tele
737 1669 998 1751 eiusque
1041 1665 1509 1752 interpretibuS,
1549 1677 1619 1730 et
1658 1668 1976 1730 seiunctus
2012 1651 2265 1751 quidem
2302 1686 2355 1727 a0
2378 1663 2656 1749 reliquis.
2682 1700 2765 1715 —

563 1768 661 1834 Ad
708 1769 975 1835 eandem
1019 1773 1401 1837 sententiam
1455 1774 1783 1857 pertinent
1825 1790 2047 1834 versus
2095 1767 2491 1835 Parmenidei
2538 1768 2765 1834 145-

563 1876 693 1940 146
738 1875 878 1939 Kst.
938 1874 1061 1955 (de
1119 1896 1388 1961 quorum
1443 1885 1623 1939 textu
1675 1873 1757 1939 cf.
1800 1872 2073 1938 Brandis
2119 1884 2187 1938 et
2228 1875 2367 1937 Kst.
2415 1870 2496 1935 ad
2536 1872 2600 1935 h.
2645 1875 2765 1957 v.)‚
2902 1943 2909 1958 ,

559 1977 789 2065 quibus
837 2001 874 2043 e
925 1982 1230 2066 temperie
1288 1982 1581 2064 corporis
1639 1978 1941 2042 constitui
1998 1976 2152 2041 dicit
2194 1975 2602 2041 Parmenides
2659 1996 2770 2041 co·

560 2085 869 2170 gnitionis
913 2095 1228 2159 naturam;
1273 2081 1437 2148 illud
1477 2085 1645 2148 enim
1672 2085 1893 2169 ipsum,
1937 2102 2066 2167 quo
2099 2080 2492 2167 compleatur
2520 2090 2587 2144 et
2615 2101 2769 2144 con-

560 2184 812 2251 ficiatur
867 2208 1100 2271 corpus
1159 2180 1275 2264 (τὰ
1331 2190 1532 2253 πλέον
1588 2191 1631 2252 i.
1670 2208 1726 2252 e.
1788 2178 1866 2251 τὸ
1919 2186 2211 2268 ἔμπλεων
2256 2185 2334 2248 cf.
2376 2208 2440 2248 v.
2487 2186 2589 2261 79,
2638 2184 2766 2248 123

560 2289 732 2369 Kst.‚
789 2288 898 2353 alii
956 2288 1303 2376 significari
1359 2299 1590 2375 putant
1636 2289 1816 2376 plus
1859 2287 1966 2353 vel
2010 2286 2430 2376 plurimum
2475 2286 2581 2353 vel
2624 2308 2764 2374 po-

558 2396 897 2470 tentius,
943 2393 1022 2458 cf.
1070 2392 1340 2459 Brandis
1380 2393 1613 2458 Gesch.
1658 2395 1705 2458 l.
1750 2415 1814 2479 p.
1845 2393 1995 2459 392.
2054 2391 2267 2457 Zeller
2302 2392 2413 2458 Pb.
2460 2391 2521 2457 d.
2560 2391 2672 2457 Gr.
2713 2392 2765 2457 1.

562 2521 624 2585 p.
660 2499 804 2579 57),
849 2519 990 2563 esse
1035 2499 1508 2585 cogitationem.
1553 2537 1643 2552 --
1693 2496 1892 2584 Quod
1939 2507 2149 2562 autem
2193 2497 2507 2562 Homerus
2550 2500 2618 2561 in
2662 2516 2767 2560 ea·

561 2602 706 2668 dem
763 2603 961 2667 fuisse
1017 2605 1328 2688 opinione
1383 2602 1783 2689 perhibetur,
1841 2624 1918 2667 ea
1971 2606 2029 2667 si
2086 2624 2209 2688 qua
2266 2614 2366 2667 est
2410 2599 2765 2688 explicandi

561 2705 881 2772 subtilitas
925 2727 1061 2771 non
1108 2716 1205 2772 est
1248 2705 1584 2773 tribuenda
1630 2706 1994 2785 Aristoteli,
2050 2708 2157 2792 qui
2216 2716 2282 2770 et
2333 2728 2450 2792 per
2501 2705 2765 2770 verbum

561 2813 734 2901 φασί
791 2810 1124 2875 manifesto
1184 2809 1343 2875 alios
1401 2812 1589 2876 buius
1646 2810 2083 2898 explicationis
2139 2821 2432 2875 auctores
2484 2812 2763 2897 respicit,

561 2924 627 2980 et
669 2914 824 2979 alibi
868 2913 1018 2979 talia
1061 2936 1367 3001 quaerere
1411 2926 1665 2981 recusat
1698 2916 1771 2980 A
1799 2917 1862 2982 3.
1908 2915 2070 2980 9831>
2094 2916 2199 2979 33.
2275 2914 2348 2978 In
2394 2924 2610 2979 nostra
2656 2937 2766 2980 au-

560 3029 685 3083 tem
733 3021 1052 3084 Homerici
1109 3030 1316 3084 textus
1373 3023 1749 3087 recensione
1807 3039 1941 3083 non
1988 3018 2118 3105 legi
2160 3016 2337 3083 illum
2381 3038 2631 3083 versum
2681 3017 2761 3083 ab

561 3122 910 3187 Aristotele
975 3122 1326 3202 laudatum,
1394 3132 1460 3187 et
1521 3122 1637 3187 ubi
1702 3143 1844 3187 eum
1913 3122 2143 3188 lectum
2212 3143 2351 3187 esse
2416 3124 2762 3207 antiquitus

560 3224 900 3290 verisimile
953 3230 1064 3303 sit,
1118 3228 1378 3312 exponit
1423 3224 1725 3292 Trendel.
1770 3225 1854 3291 de
1897 3230 2083 3291 anim.
2129 3227 2159 3291 1
2202 3228 2261 3292 2.
2309 3228 2470 3292 4⁰4⁶
2503 3227 2605 3303 29,
2650 3225 2764 3289 ubi

560 3328 727 3394 idem
772 3352 992 3395 versus
1037 3332 1415 3396 Homericus
1473 3328 1824 3396 adhibetur.
1892 3332 1971 3396 cf.
2024 3330 2217 3397 Polit.
2260 3331 2353 3395 111
2404 3333 2502 3396 14.
2550 3331 2763 3396 1285ae

560 3434 664 3499 13.
727 3433 878 3498 vul
915 3435 976 3500 3.
1018 3435 1224 3500 133811
1254 3437 1340 3501 25
1386 3446 1453 3500 et
1494 3438 1756 3520 interpr.
1803 3435 1885 3501 ad
1931 3436 1993 3500 h.
2030 3435 2070 3503 l.
2108 3474 2188 3489 -
2236 3432 2538 3502 Ceterum
2584 3433 2762 3522 quod

558 3536 938 3604 Aristoteles
978 3537 1430 3625 Empedoclem
1473 3539 1909 3610 parmenidem
1948 3542 2386 3629 Anaxagoram
2426 3538 2595 3604 idem
2640 3551 2764 3605 sta—

558 3646 754 3709 tuisse
814 3642 968 3708 dicit
1023 3645 1347 3723 αἴσθησιν
1407 3653 1472 3709 et
1521 3640 1880 3731 φρόνησιν,
1934 3665 2237 3710 sensuum
2283 3647 2762 3732 perceptionem

559 3757 627 3812 et
682 3750 1114 3835 cognitionem
1170 3747 1576 3828 rationalem,
1630 3747 1981 3814 cavendum
2040 3759 2141 3815 est
2182 3768 2266 3813 ne
2310 3751 2448 3813 eius
2492 3751 2762 3814 auctori-

558 3854 672 3916 tati
715 3854 969 3915 nimium
1014 3851 1170 3916 fidei
1206 3850 1567 3918 babeamus.
1638 3852 2055 3941 Anaxagorae
2084 3850 2282 3918 modo
2311 3873 2535 3918 vocem
2567 3874 2763 3939 quan-

559 3954 699 4020 dam
748 3955 962 4032 affert,
1019 3976 1200 4041 quam
1258 3953 1410 4019 licet
1464 3954 1805 4043 largiamur
1854 3955 1922 4022 id
1969 3960 2329 4036 continere,
2388 3956 2561 4044 quod
2608 3955 2761 4022 inde

555 4057 698 4123 vult
756 4057 1090 4146 colligere,
1149 4058 1216 4124 id
1273 4058 1447 4145 quod
1508 4058 1797 4144 equidem
1854 4081 1987 4125 non
2046 4081 2240 4148 posse
2286 4060 2551 4125 concedi
2597 4060 2763 4126 arbi-

556 4174 721 4242 tror,
779 4185 962 4248 quam
1012 4161 1172 4228 nihil
1218 4184 1292 4227 ex
1339 4160 1568 4228 tradita
1615 4162 1926 4229 eiusmodi
1968 4186 2088 4251 per
2128 4166 2356 4229 famam
2399 4186 2564 4229 voce
2609 4185 2760 4233 cm-

556 4264 726 4331 cludi
765 4265 996 4332 debeat
1032 4266 1430 4332 manifestum
1474 4277 1587 4331 est.
1657 4268 2111 4349 Parmenidem,
2151 4273 2260 4355 qui
2298 4288 2597 4333 sensuum
2632 4270 2763 4343 evi?

555 4368 830 4435 dentiam
890 4382 1226 4458 tantopere
1285 4374 1764 4458 contempserit,
1823 4382 1893 4438 ut
1947 4394 2174 4438 caecos
2226 4382 2293 4436 et
2346 4371 2577 4436 surdos
2636 4371 2762 4436 exi-

557 4477 844 4542 stimaret
901 4479 1009 4562 qui
1069 4474 1360 4540 sensibus
1423 4478 1638 4562 potius
1702 4497 1887 4563 quam
1949 4479 2182 4542 rationi
2244 4474 2476 4540 confisi
2532 4478 2759 4541 minari
