3109 5175
359 1458 858 1604 Metaphysici
889 1521 996 1606 qui
1028 1517 1318 1586 feruntur
1347 1517 1710 1586 Aristotelis
1743 1517 1893 1585 libri
1931 1528 2140 1586 utrum
2176 1541 2398 1587 omnes
2437 1525 2565 1588 sint

361 1624 629 1711 genuini
673 1645 754 1687 an
794 1626 1019 1710 partim
1064 1626 1278 1712 spurii,
1320 1633 1528 1690 utrum
1575 1622 1803 1689 eodem
1849 1643 1978 1710 quo
2021 1645 2194 1689 nunc
2225 1623 2565 1713 vulgantur

363 1747 449 1790 an
495 1726 621 1791 alio
669 1725 897 1791 ordine
942 1726 1021 1793 ab
1062 1726 1412 1793 Aristotele
1455 1729 1673 1815 scripti
1716 1730 1845 1793 sint
1886 1750 1963 1793 ac
2008 1727 2332 1816 dispositi,
2390 1727 2566 1794 deni-

365 1852 491 1915 que
534 1853 685 1895 num
730 1832 1086 1895 universam
1146 1829 1650 1919 complectantur
1694 1833 1934 1920 primae
1978 1829 2427 1920 philosophiae
2470 1834 2566 1897 in-

365 1936 758 1999 stitutionem
804 1955 886 1999 an
929 1935 1286 2000 inchoatam
1330 1935 1724 2021 relinquant,
1769 1945 1835 2000 et
1876 1957 1914 1999 a
1956 1934 2277 1999 veteribus
2324 1936 2569 2001 Aristo-

364 2036 513 2102 telis
553 2037 999 2125 interpretibus
1038 2042 1215 2104 varie
1253 2048 1352 2104 est
1379 2038 1700 2126 proditum
1734 2050 1799 2103 et
1827 2039 2187 2102 recentiore
2220 2058 2381 2101 aevo
2412 2037 2568 2104 mul-

363 2151 497 2205 tum
543 2162 578 2205 a
623 2143 772 2206 viris
809 2140 1016 2207 doctis
1054 2141 1407 2208 dubitatum
1445 2152 1544 2207 est
1577 2153 1642 2207 et
1670 2140 2110 2229 disceptatum,
2175 2139 2568 2207 Peculiarem

365 2265 641 2331 operam,
686 2257 756 2310 ut
799 2257 1037 2310 taceam
1087 2266 1199 2310 eos
1245 2250 1352 2332 qui
1398 2245 1571 2310 aliud
1615 2254 1880 2335 agentes
1921 2267 2053 2310 rem
2096 2247 2459 2332 tetigerunt,
2501 2247 2570 2311 in

363 2348 465 2411 his
496 2348 975 2434 quaestionibus
1006 2348 1405 2415 instituendis
1436 2354 1791 2437 posuerunt
1819 2351 2084 2426 petitus,
2117 2345 2342 2425 Buhle,
2370 2351 2569 2428 Titze,

362 2449 668 2530 BrandiS,
714 2451 1048 2532 Michelet,
1080 2417 1479 2533 havaisson,
1523 2451 2041 2531 Brummerstzidt,
2087 2451 2374 2531 Krische,
2420 2450 2572 2517 Gla-

365 2574 473 2619 ser
500 2553 572 2637 ¹).
644 2555 741 2621 Ab
788 2557 885 2623 his
926 2560 1080 2622 viris
1125 2555 1330 2622 doctis
1377 2579 1569 2644 quum
1616 2557 1751 2623 fere
1784 2558 2013 2636 omnia,
2058 2576 2475 2643 quaecunque
2503 2558 2572 2622 in

365 2657 861 2746 disputationem
891 2663 1112 2727 venire
1141 2671 1429 2747 possunt,
1465 2664 1733 2747 copiose
1763 2663 1892 2726 sint
1923 2671 1987 2726 et
2016 2659 2297 2725 diversas
2335 2662 2403 2723 in
2433 2682 2572 2746 par-

362 2773 466 2827 tes
516 2762 893 2850 disceptata,
948 2767 1071 2829 iam
1114 2765 1423 2844 breviter,
1482 2774 1783 2850 quantum
1842 2764 1924 2830 ad
1967 2761 2427 2852 intelligendos
2473 2785 2573 2828 ex-

242 2952 253 2963 }
364 2864 825 2954 plicandosque
871 2871 1049 2954 ipsos
1093 2866 1296 2933 libros
1337 2872 1673 2955 pertineat,
1718 2891 1882 2954 quae
1927 2867 2009 2933 ad
2052 2870 2380 2933 veritatem
2425 2888 2574 2954 pro-

360 2972 532 3034 xime
577 2969 880 3035 accedere
924 2970 1263 3036 videantur
1308 2970 1710 3058 complectar.

502 3072 787 3138 Titulum
832 3074 1174 3164 vulgatum,
1220 3070 1305 3139 τὰ
1337 3069 1503 3159 μετὰ
1534 3068 1622 3138 τὰ
1656 3070 1920 3164 φυσικά,
1964 3096 2098 3140 non
2137 3074 2215 3139 ab
2253 3076 2393 3163 ipso
2434 3094 2576 3138 esse

366 3176 721 3241 Aristotele
764 3178 860 3242 his
903 3177 1080 3243 libris
1124 3181 1511 3266 inscriptum,
1560 3177 1724 3243 adeo
1773 3189 1866 3243 est
1908 3182 2043 3243 veri
2081 3177 2298 3258 simile,
2346 3188 2418 3243 ut
2455 3196 2573 3264 pro

366 3291 553 3344 certo
597 3279 813 3345 haberi
859 3285 1079 3367 possit.
1158 3282 1535 3348 Aristoteles
1583 3284 1748 3346 enim
1796 3305 1984 3370 quum
2029 3285 2097 3346 in
2142 3280 2316 3346 libris
2362 3280 2578 3367 physi-

368 3386 465 3447 cis
523 3386 773 3470 saepius
832 3388 1129 3472 respiciat
1185 3385 1644 3472 disputationes
1706 3385 1846 3450 illas
1907 3396 1971 3449 et
2029 3388 2435 3471 quaestiones
2497 3383 2579 3448 de

368 3490 627 3551 summis
658 3507 862 3552 rerum
897 3492 1220 3576 principiis
1251 3488 1691 3567 instituendaS,
1725 3511 1883 3575 quae
1915 3487 2090 3551 libris
2123 3488 2576 3573 metaphysicis

369 3593 798 3669 continentur,
829 3614 1144 3679 nunquam
1171 3594 1287 3657 hos
1310 3591 1508 3657 libros
1532 3595 1663 3658 τῶν
1690 3586 1855 3677 μετὰ
1888 3585 1970 3656 τὰ
2002 3586 2264 3680 φυσικά,
2295 3588 2409 3654 sed
2441 3589 2580 3654 ubi-

485 3756 550 3826 1)
594 3760 784 3813 Petito:
819 3761 1094 3815 Miaccum.
1131 3763 1217 3824 W,
1257 3777 1304 3817 9.
1385 3761 1550 3814 Buhlc
1585 3761 1870 3815 Bibliothek
1905 3762 1994 3813 der
2028 3762 2158 3813 alten
2192 3759 2441 3813 Literatur
2472 3760 2580 3812 und

372 3847 553 3898 linunt.
580 3861 733 3901 1788.
758 3848 845 3899 lv.
868 3869 920 3918 p.
945 3864 969 3903 1
985 3881 1049 3890 —
1067 3863 1148 3901 42.
1207 3847 1349 3900 Tiue
1374 3849 1437 3900 de
1461 3847 1735 3899 Aristotelis
1773 3868 1984 3917 operum
2018 3847 2143 3899 serie
2177 3860 2230 3898 et
2251 3846 2579 3899 distinctione.

382 3946 531 3986 1827.
567 3953 619 4002 p.
660 3948 934 3989 ‘zo—11³.
1008 3932 1222 3986 Brandis
1257 3933 1532 3986 Denksehr.
1571 3934 1661 3985 der
1694 3934 1830 3985 Berl.
1867 3932 2027 3986 Akad.
2068 3947 2220 3988 18³4.
2256 3955 2307 4004 p.
2340 3947 2579 3987 σει-87.

374 4016 615 4069 michelet
643 4019 868 4070 Examen
913 4019 1119 4090 critique
1155 4020 1217 4071 de
1252 4019 1499 4085 l'ouvrage
1536 4018 1804 4071 d'Aristote
1840 4019 2032 4070 intitule
2064 4019 2441 4093 Metaphysique
2488 4032 2580 4070 etc.

383 4117 531 4165 18³6,
566 4117 617 4154 et
649 4104 822 4156 Jahrb.
862 4106 944 4156 ffir
976 4105 1262 4157 wissensch.
1298 4105 1666 4160 Kritik.1841.
1703 4106 1893 4157 Novbr.
1930 4105 2030 4157 No.
2074 4118 2313 4160 81—85.
2380 4103 2583 4156 Ravais-

376 4210 469 4241 non
511 4189 655 4242 Essai
697 4211 785 4243 sur
824 4191 873 4242 la
908 4190 1288 4265 Metaphysique
1334 4191 1617 4243 d’Afistote.
1669 4192 1833 4244 Tome
1871 4191 1911 4242 I.
1964 4205 2113 4246 18³7.
2187 4190 2587 4243 Bmmmerstfidt

378 4275 549 4327 Ueber
582 4276 745 4329 Inhalt
778 4278 885 4328 und
921 4276 1359 4343 zusammenhang
1393 4279 1484 4329 der
1516 4278 1945 4351 metaphysischen
1978 4277 2182 4330 Biicher
2219 4277 2306 4329 des
2341 4277 2578 4329 Aristote-

376 4361 463 4412 les.
504 4376 658 4416 1840.
730 4362 935 4415 Krische
970 4364 1330 4429 Forschungen
1367 4366 1461 4417 auf
1486 4365 1604 4416 dem
1635 4364 1845 4418 Gcbietc
1883 4364 1973 4415 der
2007 4364 2136 4415 alten
2170 4362 2506 4432 Philo-sophie.
2541 4362 2582 4412 1.

385 4462 531 4503 1840.
569 4468 623 4518 p.
662 4458 972 4504 aea—2⁴16.
1055 4450 1232 4502 Glascr
1263 4449 1365 4502 Die
1399 4450 1715 4525 Metaphysik
1751 4451 1838 4503 des
1873 4449 2161 4503 Aristoteles
2195 4451 2323 4503 nach
2360 4449 2584 4517 Compo-

378 4533 539 4599 sition,
570 4534 737 4588 Inhalt
768 4536 876 4588 und
910 4534 1169 4589 methodo.
1208 4550 1362 4593 1841.

2117 4624 2143 4675 1
2159 4621 2182 4647 Ο
