3109 5175
551 317 556 322 ¹
595 376 738 451 324
1429 381 1505 448 Z
1546 377 1616 450 7.
1700 375 1962 449 1033a.

597 557 781 618 ritate
820 556 1142 632 exstiterit,
1189 553 1267 617 cf.
1299 555 1375 618 A
1407 556 1464 622 1.
1501 555 1706 618 loom>
1729 555 1772 617 2
1803 573 1934 637 sqq.
1988 551 2179 638 Phys.
2211 556 2240 617 1
2278 556 2539 638 6-16.
2587 551 2800 618 Zeller

594 657 707 721 Ph.
756 655 816 720 d.
864 656 976 721 Gr.
1022 658 1101 721 11.
1146 680 1209 742 p.
1244 658 1389 721 417.
1481 658 1566 720 Et
1621 658 1943 719 materiam
2002 655 2254 740 quidem
2300 661 2605 722 exsistere
2650 668 2798 722 ante

592 762 1090 848 generationem,
1138 771 1323 824 antea
1373 770 1470 823 est
1504 764 1829 836 monitum,
1871 755 2213 846 ἐνυπάρχει
2256 755 2384 845 γάρ
2428 763 2540 824 καὶ
2584 762 2797 843 γίγνε-

593 887 703 928 ται
742 857 929 941 αὕτη,
963 862 1022 926 h.
1057 885 1111 926 e.
1150 857 1317 942 αὕτη
1356 865 1534 927 ἐστὶν
1570 860 1955 945 ὑποκειμένη
1993 865 2070 951 τῇ
2104 866 2367 944 γενέσει.
2440 862 2572 927 Sed
2610 865 2796 926 etiam

595 988 699 1044 ea,
751 965 978 1052 quibus
1026 966 1226 1030 forma
1272 986 1348 1028 ac
1390 969 1574 1029 notio
1622 968 1716 1030 rei
1760 964 2022 1029 alicuius
2070 968 2502 1042 constituitur,
2562 964 2800 1030 habent

594 1066 1066 1157 quodammodo
1123 1090 1287 1154 quae
1345 1079 1528 1134 antea
1584 1071 1891 1132 exstitisse
1938 1078 2264 1153 oporteat,
2319 1065 2466 1132 ἀλλ’
2507 1062 2641 1153 ἄρα
2685 1069 2799 1133 καὶ

592 1175 723 1238 τῶν
766 1177 837 1236 ὲν
880 1174 971 1254 τῷ
1017 1166 1190 1254 λόγῳ
1232 1173 1350 1250 al,
1409 1174 1520 1235 int.
1568 1173 1746 1236 ἐστὶν
1789 1166 1943 1249 ὕλη,
1998 1169 2104 1234 vel
2160 1164 2430 1256 ὑπάρξει
2472 1194 2536 1234 τι
2578 1174 2795 1255 μέρος.

592 1274 816 1341 Genus
863 1278 1030 1338 enim
1073 1276 1199 1351 rei,
1257 1272 1431 1358 quod
1479 1277 1683 1360 primo
1729 1273 1877 1337 loco
1936 1273 2305 1359 ponendum
2367 1283 2489 1351 est,
2548 1273 2657 1338 ubi
2702 1276 2795 1337 rei

592 1377 855 1442 alicuius
914 1379 1244 1441 notionem
1302 1376 1596 1441 volumus
1652 1375 1923 1441 definire
1970 1381 2096 1455 (εὶς
2143 1372 2181 1441 ὃ
2225 1379 2485 1462 πρῶτον
2527 1379 2796 1441 τίθεται

589 1482 698 1560 ⁶4,
734 1480 810 1545 cf.
844 1479 925 1545 ad
957 1481 1011 1544 A
1039 1481 1145 1545 28.
1178 1481 1382 1545 lomb
1409 1482 1509 1561 4),
1556 1483 1732 1564 qnasi
1779 1483 2036 1544 materia
2084 1489 2183 1543 est
2220 1482 2503 1544 notionis
2541 1503 2619 1544 ac
2655 1502 2796 1567 spe-

591 1587 709 1649 ciei
748 1583 1067 1662 definitae,
1106 1582 1185 1647 cf.
1224 1581 1375 1648 ibid.
1417 1581 1502 1646 ad
1532 1584 1735 1646 102412
1758 1585 1818 1661 3,
1847 1585 1909 1647 8.
1940 1620 2027 1630 -
2067 1581 2368 1662 Conferri
2400 1593 2616 1669 potest
2653 1604 2793 1647 cum

589 1689 706 1753 hae
741 1688 1170 1774 disputatione
1201 1686 1377 1772 quod
1408 1685 1760 1750 distinctius
1790 1696 2014 1771 postea
2047 1708 2183 1771 cap.
2209 1688 2251 1751 8
2283 1688 2558 1771 exponit,
2593 1690 2792 1772 ipsam

587 1795 682 1856 rei
728 1792 990 1856 formam
1034 1811 1169 1855 non
1213 1788 1373 1854 fieri.

723 1897 932 1960 10:33⁶
965 1898 1006 1961 5
1050 1892 1132 1973 ἐξ
1176 1884 1267 1959 οὗ
1311 1931 1399 1942 -
1441 1893 1530 1957 23
1576 1893 1918 1976 λέγεται.
2009 1893 2203 1957 Facta
2248 1891 2445 1958 semel
2489 1895 2789 1956 materiae

585 2003 911 2064 mentione
957 1997 1141 2063 simul
1187 1996 1496 2074 ostendit,
1554 1995 1880 2080 quomodo
1938 2016 2010 2059 ex
2054 1999 2341 2075 materia,
2400 2018 2474 2060 ex
2521 2015 2642 2080 qua
2686 2017 2790 2059 res

583 2104 763 2181 fiunt,
808 2124 1044 2167 nomen
1091 2105 1274 2167 etiam
1322 2100 1633 2186 accipiant
1677 2109 1742 2163 et
1787 2120 1948 2185 quae
1992 2103 2075 2163 sit
2121 2103 2255 2164 eius
2295 2102 2789 2185 nuncupationis

585 2228 771 2273 causa
820 2228 895 2271 ac
937 2209 1122 2271 ratio.

712 2309 1076 2395 Dupliciter
1120 2308 1383 2372 alterum
1431 2329 1506 2370 ex
1552 2306 1753 2370 altero
1802 2306 2031 2371 dicitur
2074 2305 2242 2383 fieri,
2299 2315 2410 2371 aut
2461 2328 2536 2371 ex
2581 2310 2789 2392 priva-

581 2417 759 2478 tione
807 2423 915 2476 aut
960 2435 1034 2476 ex
1078 2414 1338 2476 materia
1384 2411 1499 2488 (cf.
1550 2410 1743 2495 Phys.
1783 2412 1812 2473 1
1861 2413 1920 2475 7.
1966 2414 2027 2474 9.
2072 2411 2236 2474 192a
2258 2412 2318 2484 3,
2366 2421 2431 2474 et
2477 2410 2558 2475 de
2602 2414 2786 2474 vario

581 2517 891 2582 formulae
938 2517 1007 2580 ἔκ
1048 2537 1225 2591 τινος
1270 2537 1390 2578 usu
1429 2513 1510 2576 ad
1542 2515 1595 2578 Δ
1624 2515 1781 2597 24);
1832 2517 2061 2577 etenim
2109 2524 2175 2577 et
2218 2525 2575 2602 aegrotans,
2622 2537 2786 2601 quae

581 2631 679 2685 est
721 2622 1022 2705 privatio,
1069 2630 1134 2684 et
1176 2620 1399 2695 homo,
1447 2636 1607 2703 quae
1655 2626 1752 2681 est
1796 2621 2068 2696 materia,
2114 2617 2345 2681 dicitur
2388 2640 2575 2685 sanus
2621 2619 2783 2684 fieri.

579 2723 709 2787 Iam
755 2726 1059 2807 privatin,
1115 2725 1414 2808 quoniam
1459 2743 1575 2807 per
1618 2724 1815 2806 ipsam
1864 2722 2156 2799 formam,
2212 2728 2629 2808 generatione
2676 2723 2785 2788 ad·

578 2829 824 2903 scitam,
870 2826 1192 2905 aboletur,
1251 2847 1383 2890 non
1429 2824 1767 2890 adhibetur
1810 2824 1888 2888 ad
1934 2824 2424 2910 nuncupandum
2472 2848 2613 2889 eum
2659 2837 2782 2891 sta-

577 2938 726 3006 tum,
770 2951 955 3014 quem
1002 2930 1153 3016 quid
1193 2953 1310 3015 per
1346 2933 1824 3018 generationem
1866 2932 2135 3013 accepit;
2181 2932 2437 2995 materia
2476 2950 2632 2993 vero
2673 2930 2782 2995 ad-

573 3031 830 3096 hibetur
874 3033 955 3098 ad
1004 3055 1142 3098 eum
1190 3033 1659 3109 nominandum,
1703 3026 2011 3116 siquidem
2048 3030 2217 3096 idem
2249 3043 2314 3096 et
2342 3054 2533 3097 sanus
2567 3033 2780 3119 appel-

573 3132 740 3197 latur
785 3145 849 3199 et
891 3136 1084 3200 homo
1130 3159 1339 3201 sanus.
1414 3137 1546 3201 Ubi
1593 3144 1797 3199 autem
1846 3137 2118 3219 privatio
2164 3139 2405 3200 incerta
2450 3147 2547 3201 est
2583 3149 2648 3202 et
2684 3142 2779 3202 in-

573 3234 852 3316 definita,
899 3239 1426 3324 quemadmodum
1471 3261 1580 3303 aes
1626 3241 2045 3324 privationem
2095 3242 2380 3304 continet
2424 3250 2488 3304 et
2528 3251 2777 3307 statuae

574 3349 641 3404 et
701 3341 969 3427 tripodis
1031 3355 1094 3406 et
1151 3342 1418 3407 aliorum
1464 3342 1907 3428 plurimorum,
1965 3342 2054 3407 ibi
2099 3342 2333 3428 aliquid
2383 3366 2456 3408 ex
2499 3349 2776 3427 materia,

568 3441 768 3507 veluti
827 3467 902 3508 ex
961 3468 1136 3524 aere,
1196 3451 1282 3509 ita
1327 3446 1657 3510 videtur
1699 3446 1842 3510 fieri
1875 3448 1965 3527 ¹),
2020 3448 2206 3511 sicuti
2256 3446 2406 3511 alibi
2451 3471 2526 3512 ex
2570 3452 2776 3535 priva-

567 3549 763 3612 tione.
842 3549 969 3612 Iam
1020 3552 1320 3634 quoniam
1367 3551 1743 3634 privationis
1788 3571 2023 3613 nomen
2068 3570 2207 3613 non
2238 3563 2451 3634 potest
2482 3552 2773 3617 adhiberi

567 3650 648 3715 ad
694 3651 1177 3737 nuncupandam
1229 3652 1490 3715 formam
1538 3651 1641 3715 vel
1687 3674 1820 3715 rem
1862 3662 2235 3731 concretam,
2280 3676 2363 3718 ne
2401 3658 2471 3719 in
2508 3657 2603 3719 his
2638 3661 2773 3742 qui·

565 3752 708 3818 dem
753 3758 1008 3841 ipsum
1055 3757 1352 3819 materiae
1391 3775 1624 3819 nomen
1664 3755 1904 3820 formae
1942 3755 2254 3834 tribuitur,
2298 3778 2516 3822 verum
2553 3764 2769 3844 potius

561 3862 953 3944 nuncupatio
1017 3859 1324 3944 quaedam
1383 3860 1533 3923 inde
1591 3859 1750 3923 fiexa
1800 3869 1863 3925 et
1907 3858 2221 3925 declinata
2268 3866 2295 3941 (
2310 3863 2622 3928 ἐκείνινον
2659 3866 2769 3943 117,

666 4070 734 4141 1)
770 4076 912 4129 δοκεῖ
944 4080 1229 4147 γίγνεσθαι
1265 4083 1387 4129 ⁰15.
1461 4075 1695 4139 Negatio,
1742 4096 1894 4147 quam
1940 4091 2053 4129 ante
2088 4096 2133 4129 v.
2173 4080 2315 4131 δοκεῖ
2348 4079 2499 4129 hahet
2532 4078 2765 4132 Bessan-io

555 4170 656 4211 «ex
691 4160 766 4213 his
799 4181 920 4214 non
956 4165 1184 4216 dicentur
1210 4162 1360 4213 fieri»
1394 4175 1444 4211 et
1469 4162 1673 4213 fortasse
1701 4163 1980 4216 Alexander
2014 4183 2064 4232 p.
2095 4177 2211 4225 462,
2243 4179 2289 4225 2,
2324 4184 2427 4216 non
2451 4178 2617 4235 potest
2640 4185 2764 4221 con-

554 4244 702 4299 ciliari
738 4268 855 4301 cum
890 4249 1154 4301 enunciato
1188 4247 1410 4315 proxime
1447 4248 1699 4315 sequenti:
1739 4250 1819 4301 διὸ
1856 4248 2067 4318 ὥσπερ
2106 4252 2231 4311 κύῃ,
2267 4271 2425 4319 quum
2462 4251 2667 4320 quidem
2702 4271 2763 4302 ex

551 4329 644 4382 hac
691 4335 1062 4405 comparatione
1110 4332 1287 4395 colligit
1322 4334 1438 4394 Aru,
1485 4352 1597 4384 eam
1632 4332 1913 4396 materiam,
1965 4333 2103 4387 cuius
2148 4349 2220 4384 est
2266 4339 2504 4407 στέρησις
2550 4330 2760 4404 ἄδηλος,

549 4434 653 4467 non
687 4416 883 4487 ipsam
919 4416 1141 4471 adhiberi
1178 4417 1241 4468 ad
1277 4420 1667 4488 nuncupandam
1698 4422 1927 4483 sormam,
1965 4420 2390 4491 quemadmodum
2414 4421 2638 4493 privatio,
2675 4410 2758 4473 ve-

546 4500 637 4552 luti
674 4500 703 4555 ὅ
741 4503 963 4573 κάμνων,
999 4522 1103 4556 non
1140 4502 1418 4555 adhibetur.
