3109 5175
1156 401 1203 470 Ι
1242 395 1310 470 4.
1394 395 1583 471 1055
1597 420 1663 470 α.
2367 396 2504 472 431

304 573 571 637 mutatio
619 570 942 658 quaelibet
983 576 1365 639 continetur.
1454 573 1584 637 Iam
1642 572 1947 640 alternam
1992 575 2160 639 inter
2200 596 2274 639 se
2314 584 2512 641 muta-

300 677 543 740 tionem
591 696 724 740 non
764 678 1095 763 recipiunt,
1139 679 1258 740 nisi
1290 698 1452 763 quae
1485 698 1560 741 ex
1592 675 1817 742 eodem
1850 688 2000 742 sunt
2030 700 2299 765 genere;
2345 700 2511 766 quae

303 777 572 843 diversis
617 790 766 845 sunt
810 801 846 843 e
888 778 1250 868 generibus,
1295 801 1368 844 ea
1414 778 1674 869 longius
1718 785 1887 846 inter
1924 803 1994 846 se
2030 781 2281 860 distant,
2325 805 2511 867 quam

301 904 466 969 quac
501 881 581 947 ab
620 881 827 948 altero
857 882 937 947 ad
977 882 1241 948 alterum
1279 882 1615 949 admittant
1652 888 1982 950 transitum
2016 881 2510 969 (ἀσύμβλητα).

305 986 525 1071 Quare
572 986 721 1051 licet
764 986 990 1052 dixerit
1036 990 1344 1074 quispiam
1390 1010 1427 1053 a
1472 988 1697 1055 colore
1741 988 1892 1054 albo
1939 993 2135 1077 magis
2182 1009 2366 1074 quam
2404 1008 2512 1053 co·

302 1090 504 1155 lorem
551 1093 824 1179 nigrum,
868 1112 1052 1178 quem
1098 1095 1483 1157 contrarium
1524 1114 1664 1158 esse
1695 1091 1973 1170 dicimuS,
2021 1092 2337 1157 diversum
2371 1112 2511 1157 esse

303 1215 533 1260 sonum
579 1205 830 1260 acutum
876 1195 981 1261 vel
1028 1195 1256 1260 lineam
1301 1207 1556 1274 rectam,
1601 1206 1810 1261 tamen
1853 1198 2155 1283 quoniam
2195 1198 2510 1261 contraria

303 1319 437 1364 non
483 1308 632 1363 sunt
664 1301 788 1363 nisi
819 1321 982 1385 quae
1012 1310 1292 1364 mutuam
1322 1298 1660 1366 admittunt
1689 1305 2102 1366 mutationem
2144 1300 2311 1380 (hoc
2343 1302 2511 1364 enim

302 1413 615 1488 tamquam
660 1413 883 1468 notum
930 1414 995 1467 et
1038 1423 1412 1468 concessum
1460 1407 1651 1469 tacite
1694 1407 1947 1491 ponit),
1992 1404 2119 1469 hoc
2163 1415 2260 1468 est
2303 1413 2511 1470 autem

304 1528 467 1593 quae
512 1510 678 1571 intra
725 1506 1024 1572 ambitum
1074 1505 1354 1572 eiusdem
1403 1511 1660 1595 generis
1706 1511 2137 1585 continentur,
2193 1508 2360 1572 hanc
2401 1528 2513 1572 ne-

305 1612 637 1676 cessariam
687 1614 1124 1699 exceptionem
1169 1614 1223 1676 si
1268 1610 1435 1697 apud
1466 1615 1740 1677 animum
1772 1610 2295 1699 suppleverimus,
2337 1620 2511 1676 recte

306 1714 540 1780 dicitur
581 1711 625 1794 ἡ
670 1710 1049 1795 ἐναντιότης
1094 1737 1233 1780 esse
1278 1712 1322 1795 ἡ
1364 1719 1638 1799 μεγίστη
1683 1711 1999 1805 διαφορά.

436 1817 636 1904 Quod
696 1823 751 1884 si
798 1830 1121 1884 ostensum
1169 1829 1265 1884 est
1312 1823 1819 1885 contrarietatem
1867 1841 2008 1885 esse
2051 1821 2375 1884 maximam
2420 1817 2514 1883 di-

303 1926 696 2002 versitatem,
754 1924 944 1989 facile
999 1922 1378 2010 intelligitur
1436 1922 1701 1988 eandem
1760 1924 2104 2009 perfectam
2150 1932 2216 1987 et
2258 1921 2512 2008 plenam

307 2048 450 2092 esse
496 2027 955 2104 diversitatem,
999 2027 1370 2103 alo—163
1428 2030 1662 2091 etenim
1722 2026 1943 2093 eadem
2000 2029 2065 2090 vi
2124 2047 2201 2090 ac
2243 2028 2514 2090 notione

304 2136 443 2197 sive
486 2134 818 2196 maximum
864 2133 998 2194 sive
1044 2130 1394 2216 perfectum
1440 2130 1764 2218 quidpiam
1808 2129 2090 2209 dicimus,
2138 2128 2289 2194 ideo
2337 2127 2514 2215 quod

307 2235 527 2301 excedi
588 2245 653 2300 et
708 2236 994 2321 superari
1049 2237 1299 2319 nequit3
1360 2234 1437 2299 cf.
1498 2232 1580 2298 ad
1625 2236 1678 2299 A
1724 2236 1827 2299 16.
1919 2235 2341 2299 Pel-fectionis
2397 2235 2514 2320 igi-

303 2349 410 2404 tur
452 2349 609 2404 nota
652 2340 1015 2404 necessario
1059 2339 1347 2403 inhaeret
1388 2332 1887 2419 (ἀκολουθήσει
1918 2339 2072 2417 ⁶17,
2119 2338 2197 2402 cf.
2237 2336 2319 2403 ad
2350 2337 2421 2402 A
2451 2339 2511 2402 1.

302 2444 472 2509 981⁶
511 2444 636 2523 27)
683 2445 934 2508 notioni
981 2444 1459 2521 contrarietatis,
1501 2443 1861 2508 017—19.

435 2546 530 2612 lta
578 2549 910 2634 proposita
957 2558 1022 2613 et
1068 2545 1376 2634 explicata
1423 2544 1804 2611 definitione
1835 2547 2316 2624 contrarietatis,
2359 2542 2513 2610 inde

302 2650 632 2717 concludit
689 2649 898 2715 ubivis
955 2672 1149 2716 unum
1218 2654 1330 2715 uni
1389 2671 1530 2715 esse
1589 2651 1974 2715 contrarium
2030 2671 2153 2715 nec
2207 2648 2512 2735 pluribus,

303 2756 662 2821 ala—23.
753 2752 1194 2841 Cognoscitur
1249 2755 1376 2818 hoc
1430 2774 1506 2818 ex
1564 2765 1789 2820 natura
1845 2754 2170 2839 perfectae
2216 2763 2282 2818 et
2325 2755 2514 2817 maxi-

302 2878 444 2922 mae
490 2857 898 2936 diversitatis,
958 2879 1119 2943 quae
1173 2880 1363 2944 quum
1419 2878 1671 2922 omnem
1717 2860 2036 2944 augmenti
2082 2855 2187 2921 vel
2231 2855 2515 2921 deminu-

302 2963 503 3027 tionis
545 2963 912 3026 varictatem
962 2959 1282 3040 excludat,
1337 2962 1702 3026 necessario
1745 2963 1935 3025 unius
1980 2969 2076 3024 est
2118 2961 2213 3023 rei
2258 2981 2396 3023 cum
2439 2981 2513 3024 re

304 3087 450 3144 una,
490 3065 655 3140 σΞθς
700 3064 806 3130 vel
850 3069 904 3130 si
948 3067 1284 3153 imaginem
1331 3063 1540 3130 lineae
1582 3067 1952 3151 respexeris,
1999 3066 2176 3128 cuius
2216 3066 2283 3127 in
2315 3073 2516 3129 extre-

304 3172 422 3234 mis
467 3171 718 3255 punctis
764 3171 1080 3236 contraria
1125 3173 1331 3256 posita
1376 3172 1504 3233 siut
1555 3167 1677 3248 (cf.
1725 3168 1919 3254 Phys.
1951 3169 2017 3230 V
2058 3168 2121 3233 3.
2168 3169 2330 3232 2261»
2368 3169 2513 3249 30),

306 3293 443 3338 non
497 3283 775 3359 possunt
831 3272 1113 3339 eiusdem
1172 3272 1491 3339 intervalli
1548 3271 1694 3359 plus
1741 3293 1924 3358 quam
1971 3270 2101 3351 duo
2148 3292 2289 3336 esse
2330 3271 2514 3349 fines,

305 3380 464 3443 021.
542 3377 827 3443 Alterum
876 3375 1156 3442 eiusdem
1202 3378 1665 3463 propositionis
1711 3385 2163 3464 argumentum,
2208 3374 2384 3461 quod
2415 3377 2513 3440 his

305 3482 520 3548 verbis
581 3483 974 3571 continetur:
1034 3474 1203 3557 ὅλως
1257 3503 1328 3545 τε
1371 3486 1426 3545 εὶ
1472 3481 1648 3545 ἔστιν
1692 3477 1734 3560 ἡ
1782 3475 2159 3558 ἐναντιότης
2201 3473 2513 3567 διαφορά,

305 3583 349 3666 ἡ
397 3586 466 3651 δὲ
509 3580 806 3674 διαφορὰ
851 3584 1053 3663 δυοῖν,
1097 3580 1262 3650 ὥστε
1304 3587 1416 3650 καὶ
1460 3581 1503 3664 ἡ
1549 3585 1807 3661 τέλειος,
1854 3585 2146 3648 omittere
2176 3583 2285 3647 Ar.
2321 3581 2515 3647 debe·

305 3688 444 3768 bat,
501 3692 801 3776 quoniam
855 3687 1013 3752 nihil
1070 3710 1225 3753 vere
1282 3687 1702 3766 demonstrat3
1761 3708 1905 3752 nam
1959 3686 2293 3752 diversitas
2337 3682 2512 3771 quod

305 3814 442 3859 non
498 3795 845 3879 requirit
889 3814 1042 3857 sane
1088 3791 1232 3879 plus
1280 3814 1462 3878 quam
1519 3790 1653 3856 duo
1709 3793 1976 3856 rationis
2034 3789 2342 3868 membra,
2398 3785 2513 3854 sed

306 3897 579 3963 admittit
622 3907 795 3962 certe
838 3896 1051 3983 plura,
1101 3897 1253 3962 inde
1298 3917 1432 3961 non
1475 3906 1695 3981 potest
1740 3894 1938 3973 effici,
1982 3903 2060 3958 ut
2101 3895 2513 3960 contrarietas

305 4022 442 4066 non
487 3999 860 4066 admittat
902 4000 1050 4086 plus
1094 4022 1278 4086 quam
1326 3999 1457 4065 duo
1502 4002 1771 4065 rationis
1818 4000 2141 4063 terminos.
2209 3995 2513 4063 Ceterum

305 4104 390 4171 de
425 4103 740 4191 particula
773 4099 939 4171 ὥστε
978 4108 1045 4168 in
1079 4104 1353 4192 apodosi
1389 4104 1467 4168 cf.
1493 4103 1771 4171 Observ.
1804 4106 1941 4168 crit.
1972 4101 2053 4167 ad
2079 4102 2223 4167 Eth.
2246 4100 2510 4167 Eudem.

304 4233 369 4296 p.
392 4210 482 4275 60
511 4229 604 4295 sq.
642 4218 707 4274 et
740 4207 822 4274 aa
853 4193 917 4272 Ζ
945 4210 1046 4274 10.
1080 4211 1283 4275 10:35⁶
1312 4209 1411 4274 18.
1495 4207 1509 4219 ⁶

440 4311 640 4397 Quod
695 4333 890 4378 unum
948 4333 1202 4396 semper
1259 4315 1370 4378 uni
1414 4313 1798 4377 contrarium
1846 4331 1985 4376 esse
2031 4320 2353 4375 ostensum
2400 4315 2513 4385 est,

307 4416 391 4482 ad
437 4419 652 4483 omnia
695 4420 974 4502 pertinet
1009 4419 1474 4480 contrarietatis
1508 4436 1776 4503 genera;
1818 4418 2055 4501 pariter
2084 4423 2291 4478 autem
2322 4431 2515 4497 opor-

306 4528 403 4585 tet
443 4518 719 4606 reliquas
766 4523 953 4586 etiam
999 4529 1214 4598 notas,
1270 4516 1504 4604 quibus
1563 4518 2094 4583 circumscribitur
2134 4517 2317 4581 notio
2364 4535 2513 4580 con-
