3109 5175
531 370 677 445 272
1147 475 1151 480 ,
1241 371 1312 442 A
1359 366 1478 445 25.
1527 366 1647 443 26.
1733 367 1998 445 mass.

1358 616 1588 690 CAP.
1654 593 1889 690 xxv.

660 764 935 846 Μέρος
976 764 1245 848 primum
1290 761 1374 827 ad
1418 766 1829 850 quantitatem
1870 762 2176 853 refertur-3
2226 762 2396 829 unde
2427 767 2592 830 enim
2621 763 2727 829 vel

524 888 641 952 per
671 865 1081 945 additionem,
1103 869 1133 922 b
1149 869 1232 932 12
1248 903 1329 917 -
1347 869 1449 947 15,
1477 867 1585 932 vel
1609 889 1726 954 per
1749 865 2355 954 multiplicationem,
2378 871 2408 924 b
2425 871 2609 934 15—
2625 870 2725 947 17,

524 975 839 1058 quantitas
884 969 1090 1056 aliqua
1139 974 1392 1050 exsistit,
1438 993 1551 1035 eae
1597 982 1809 1057 partes
1852 970 2177 1048 dicuntum
2222 972 2419 1038 veluti
2450 971 2627 1037 illum
2658 974 2724 1037 in

521 1073 781 1142 modum
827 1075 1107 1141 binarius
1153 1097 1449 1140 numerus
1494 1078 1752 1141 ternarii
1796 1078 2069 1162 quinarii
2113 1074 2221 1156 al.,
2271 1077 2442 1142 bunc
2482 1079 2549 1141 in
2591 1096 2724 1141 mo·
2862 1113 2867 1118 -

522 1181 670 1246 dum
726 1179 892 1245 idem
937 1181 1219 1245 binarius
1264 1202 1561 1245 numerus
1607 1184 1987 1267 quaternarii
2035 1182 2264 1245 senarii
2310 1178 2388 1244 al.
2434 1202 2581 1266 pars
2628 1191 2724 1245 est

521 1284 852 1350 dicendus.
887 1322 967 1334 —
1014 1283 1271 1349 Deinde
1312 1283 1394 1349 ad
1431 1283 1793 1371 qualitatem
1823 1288 2007 1351 notio
2035 1287 2231 1371 partis
2261 1282 2496 1371 duplici
2525 1283 2721 1349 modo

520 1390 806 1468 refertur,
843 1391 1186 1466 ὁ17-19,
1219 1389 1540 1467 22-25;
1589 1393 1817 1455 etenim
1865 1401 1975 1455 aut
2013 1390 2282 1456 ambitus
2316 1392 2600 1455 notionis
2632 1388 2724 1454 di-

520 1492 784 1572 viditur,
838 1492 949 1558 ubi
1008 1491 1260 1579 quidem
1320 1496 1565 1581 species
1622 1504 1835 1582 partes
1888 1504 2038 1561 sunt
2080 1497 2336 1583 generis
2381 1494 2503 1577 (cf.
2546 1493 2616 1560 B
2658 1497 2718 1561 3.

520 1601 688 1666 999ae
728 1602 792 1665 4:
852 1593 937 1662 τὰ
992 1600 1147 1681 γένη
1206 1593 1501 1685 διαιρετὰ
1556 1603 1647 1675 εἰς
1703 1598 1861 1680 εἴδη.
1930 1600 2003 1665 K
2046 1601 2106 1664 l.
2154 1600 2357 1664 1⁰5912
2394 1600 2552 1679 36),
2613 1608 2723 1664 aut

519 1701 883 1790 complexus
938 1704 1225 1767 notionis
1283 1701 1584 1767 dividitur
1638 1705 1753 1781 ita,
1810 1716 1884 1769 ut
1924 1713 2152 1782 notae,
2207 1704 2268 1768 h.
2303 1724 2357 1768 e.
2404 1723 2610 1791 genus
2658 1714 2722 1768 et

518 1806 935 1883 differentiae,
980 1818 1194 1893 partes
1238 1810 1365 1873 sint
1407 1809 1712 1886 notioniS,
1754 1800 1833 1872 τὸ
1876 1811 2064 1891 γένος
2110 1807 2226 1873 τοῦ
2272 1805 2481 1883 εἴδους
2524 1810 2721 1893 μέρος

516 1915 661 1978 ὄ24.
699 1949 780 1962 -
827 1910 1014 1997 Quae
1058 1912 1156 1976 bis
1200 1914 1581 1998 interposita
1625 1924 1724 1977 est
1763 1910 2149 2000 significatio
2184 1931 2327 1977 voc.
2361 1915 2576 1995 μέρος,
2620 1931 2720 1975 ex-

515 2027 719 2083 tremo
767 2017 984 2102 potius
1027 2015 1177 2081 loco
1223 2017 1382 2102 poni
1427 2014 1731 2095 debebat,
1787 2017 2085 2101 quoniam
2132 2036 2267 2079 eam
2312 2012 2722 2102 significatio-

515 2142 689 2198 nem,
735 2141 859 2206 qua
903 2131 1098 2185 notae
1141 2132 1357 2207 partes
1403 2140 1545 2184 esse
1593 2119 1886 2184 dicuntur
1931 2121 2246 2198 notionis,
2294 2122 2360 2183 in
2405 2140 2475 2184 se
2521 2122 2722 2184 conti-

516 2236 645 2290 net.
718 2225 812 2289 ἔτι
845 2228 956 2300 -εὶς
1011 2217 1056 2288 ἃ
1102 2225 1449 2311 διαιρεῖταί
1492 2247 1568 2289 τι.
1598 2217 1643 2304 ἢ
1686 2222 1756 2303 ἐξ
1799 2213 1891 2288 ὧν
1933 2218 2264 2306 σύγκειται
2306 2216 2384 2288 τὸ
2431 2219 2615 2302 ὅλον,
2672 2216 2719 2303 ἢ

517 2321 592 2394 τὸ
652 2323 823 2403 εἶδος
877 2320 925 2407 ἢ
967 2321 1043 2392 τὸ
1090 2329 1237 2414 ἕχον
1279 2319 1356 2391 τὸ
1404 2323 1603 2405 εἶδοςε
1661 2338 1969 2392 commate
2027 2339 2177 2413 post
2232 2322 2393 2392 ὅλον
2448 2326 2719 2405 distinxi,

520 2435 663 2518 quia
695 2452 829 2496 non
860 2434 978 2497 tria
1014 2443 1358 2518 ponuntur,
1405 2426 1582 2510 ὅλον,
1614 2428 1803 2509 εἶδος,
1836 2426 2356 2521 συναμφότερον,
2400 2430 2517 2496 sed
2553 2431 2719 2498 duae

515 2535 1019 2628 significationes
1062 2537 1183 2603 τοῦ
1225 2532 1386 2603 ὅλου
1443 2535 1946 2625 distinguuntur3
2006 2537 2294 2623 nimirum
2353 2530 2514 2602 ὅλον
2568 2535 2719 2602 dici-

515 2654 619 2709 tur
663 2641 767 2708 vel
812 2646 1013 2729 ipsum
1060 2637 1229 2719 εἶδος
1270 2663 1389 2728 per
1432 2662 1532 2718 se,
1589 2644 1736 2727 quia
1781 2662 1899 2727 per
1942 2641 2208 2706 formam
2254 2638 2609 2705 absolvitur
2654 2650 2720 2706 et

514 2757 983 2812 consummatur
1026 2748 1303 2824 materia,
1351 2745 1429 2811 cf.
1475 2743 1559 2811 ad
1599 2747 1665 2810 2.
1714 2748 1917 2811 10131·
1948 2746 2052 2823 22,
2096 2742 2201 2811 vel
2241 2738 2320 2810 τὸ
2366 2741 2718 2834 συναμφό-

513 2874 735 2935 τερον,
787 2853 830 2916 i.
866 2874 920 2916 e.
967 2872 1071 2915 res
1114 2860 1430 2915 concreta.
1521 2849 1701 2915 Illam
1755 2853 1809 2915 si
1854 2860 2140 2915 tenemus
2184 2848 2716 2937 significationem

512 2955 636 3021 τοῦ
675 2949 853 3035 ὅλου,
878 2966 1086 3027 ,notae
1130 2975 1249 3041 pro
1291 2953 1574 3040 partibus
1615 2965 1762 3019 sunt
1794 2953 2128 3019 habendae
2161 2954 2463 3032 notionis,
2507 2950 2548 3033 ἡ
2585 2979 2715 3038 γω-

511 3060 626 3125 νία
667 3062 865 3143 μέρος
907 3058 1028 3123 τοῦ
1066 3053 1274 3142 κύβου
1310 3059 1470 3134 ῠ22ς
1515 3061 1616 3122 sin
1659 3059 1823 3123 banc
1865 3063 2175 3144 ponimus,
2222 3060 2407 3123 etiam
2451 3059 2711 3121 materia

515 3160 783 3228 dicenda
831 3171 927 3227 est
972 3182 1117 3247 pars
1162 3164 1256 3225 rei
1301 3172 1654 3240 concretae,
1701 3158 1737 3227 ὁ
1778 3156 2025 3247 χαλκὸς
2065 3166 2265 3248 μέρος
2307 3164 2426 3227 τοῦ
2459 3161 2715 3245 χαλκοῦ

511 3260 734 3350 κύβου.
809 3263 1121 3331 Subtilius
1167 3264 1249 3331 de
1292 3266 1412 3330 hac
1456 3288 1544 3345 re,
1590 3287 1752 3353 quae
1797 3269 1924 3331 sint
1968 3268 2252 3331 notionis
2290 3275 2503 3352 partes
2548 3285 2711 3351 quae

511 3390 645 3436 non
682 3372 823 3449 sint,
859 3380 922 3434 et
952 3391 1113 3456 quae
1144 3372 1230 3434 sit
1255 3372 1553 3435 materiae
1587 3369 1669 3435 ad
1698 3372 2243 3450 notionem'ratio,
2276 3372 2463 3435 Arist.
2501 3369 2713 3457 dispu-

513 3484 607 3540 tat
652 3476 714 3539 Z
740 3476 842 3540 10.
876 3476 980 3540 11.
1027 3473 1104 3539 cf.
1153 3474 1216 3538 Z
1250 3477 1307 3541 7.
1350 3476 1560 3541 1033a
1585 3476 1657 3540 2:
1703 3472 2093 3564 ἀμφοτέρως
2135 3476 2204 3540 δὲ
2246 3475 2521 3559 λέγομεν
2560 3467 2713 3551 τοὺς

504 3580 790 3665 χαλκοῦς
829 3574 1101 3656 κύκλους
1141 3580 1209 3644 τί
1252 3583 1391 3658 εἰσι,
1441 3580 1555 3644 καὶ
1595 3572 1719 3659 τὴν
1761 3573 1925 3659 ὕλην
1969 3580 2265 3664 λέγοντες
2310 3575 2415 3644 ὅτι
2449 3572 2710 3665 χαλκός,

510 3684 626 3749 καὶ
668 3677 746 3749 τὸ
791 3678 963 3760 εἶδος
1005 3680 1110 3748 ὅτι
1152 3685 1376 3768 σχῆμα
1419 3678 1695 3749 τοιόνδε.

1320 3944 1548 4021 CAP.
1616 3947 1894 4021 XXVI.

630 4093 868 4169 Ὅλον
912 4102 1178 4185 primum
1222 4097 1444 4164 iisdem
1486 4120 1692 4187 prope
1730 4099 1944 4165 verbis
1984 4098 2304 4178 describit,
2347 4097 2575 4185 quibus
2609 4119 2710 4162 su-

508 4225 620 4290 pra
668 4205 770 4269 16.
818 4204 1020 4269 102115
1060 4205 1142 4269 12
1188 4200 1463 4282 τέλέιον,
1506 4202 1574 4269 id
1620 4203 1743 4269 dici
1789 4214 2020 4283 totum,
2072 4207 2174 4270 cui
2217 4226 2362 4290 pars
2405 4200 2709 4267 naturalis

507 4306 684 4374 nulla
730 4306 910 4387 desit,
957 4310 1103 4387 1126,
1146 4310 1252 4373 27.
1332 4306 1606 4385 Deinde,
1642 4309 1988 4385 b27—36,
2032 4330 2220 4394 quum
2267 4304 2427 4373 ὅλον
2470 4304 2711 4394 signifi-

510 4434 656 4476 care
702 4411 854 4477 dicit
896 4411 979 4492 id,
1026 4412 1201 4499 quod
1244 4409 1425 4499 plura
1471 4411 1777 4498 quaedam
1823 4415 1891 4476 in
1936 4434 2006 4477 se
2035 4409 2320 4477 includat
2355 4421 2420 4476 et
2457 4410 2538 4475 ad
2575 4412 2710 4476 uni-

507 4524 699 4582 tatem
745 4515 1011 4603 redigat,
1057 4515 1220 4582 duos
1257 4519 1391 4582 eius
1426 4516 1910 4605 significationis
1950 4516 2282 4604 distinguit
2311 4514 2569 4591 modos;
2620 4525 2707 4579 et-
