3109 5175
2407 381 2503 459 25

310 550 447 616 dem
478 554 767 638 reperire
798 572 935 618 non
970 573 1247 639 possum,
1287 575 1470 640 quam
1504 552 1761 622 tandem
1798 559 2232 642 quaestionem
2266 559 2410 626 libri
2437 560 2508 627 B

307 667 599 742 putemus
642 678 801 736 esse,
847 679 1009 742 quae
1054 658 1179 724 buc
1221 658 1552 724 referatur.
1630 658 1828 744 Quod
1867 663 2039 726 „enim
2085 662 2219 728 illic
2262 669 2508 750 quaerit

309 762 366 824 4.
412 761 627 826 1⁰⁰0·
663 764 1041 828 5-1oola
1078 765 1123 828 3
1166 784 1314 828 num
1360 771 1757 828 aeternarum
1802 785 2010 830 rerum
2069 777 2135 832 et
2185 770 2507 834 intereun-

308 866 454 928 tium
503 863 731 928 eadem
771 867 902 930 sint
941 868 1249 952 principia
1301 888 1535 944 necne,
1593 868 1768 953 quod
1826 868 2078 955 quidem
2136 892 2329 937 unum
2384 873 2509 938 buc

306 967 558 1033 videtur
601 968 758 1032 trahi
806 989 1012 1054 posse,
1057 982 1342 1056 apertum
1388 983 1487 1036 est
1526 982 1828 1058 quantum
1875 972 1958 1038 ab
2001 973 2122 1038 hac
2155 971 2348 1039 distet
2384 974 2509 1042 dis-

308 1074 657 1156 putatione,
701 1091 823 1156 qna
868 1092 1003 1137 non
1046 1096 1149 1139 res
1193 1085 1489 1162 sesamae
1538 1085 1604 1141 et
1647 1080 2054 1153 intereuntes,
2099 1075 2215 1142 sed
2253 1077 2506 1143 diversa

306 1174 700 1240 sensibilium
762 1176 1283 1262 mutabiliumque
1347 1200 1553 1244 rerum
1621 1201 1861 1266 genera
1931 1202 2080 1246 uum
2144 1180 2228 1245 ab
2281 1182 2504 1248 iisdem

304 1299 612 1364 suspensa
658 1282 789 1342 sint
829 1283 1157 1367 principiis
1202 1280 1606 1369 disceptatur.
1677 1282 1876 1368 Quod
1920 1288 1976 1348 si
2017 1283 2125 1349 vel
2168 1285 2286 1352 bac
2317 1284 2400 1352 de
2435 1305 2508 1351 re

302 1380 603 1447 videatur
645 1381 917 1447 dubitari
953 1403 1163 1469 posse,
1202 1385 1366 1452 illud
1400 1400 1578 1454 certe
1608 1408 1692 1452 ue
1725 1385 2336 1475 negligentissimum
2374 1390 2509 1475 qui-

304 1484 441 1550 dem
490 1483 798 1552 lectorem
842 1497 1060 1572 potest
1103 1488 1353 1577 fugere,
1407 1494 1463 1556 si
1515 1489 1750 1558 librum
1791 1493 1870 1556 A
1915 1492 2292 1562 Aristoteles
2337 1496 2510 1579 posi·

302 1600 429 1654 uun
491 1611 637 1655 esse
692 1589 1001 1656 voluisset
1055 1605 1208 1678 post
1260 1594 1435 1658 illam
1489 1596 1728 1679 primae
1771 1592 2216 1682 philosophiae
2258 1600 2506 1664 institu-

300 1697 576 1772 tionem,
630 1716 793 1780 quae
838 1693 1015 1761 libris
1062 1695 1219 1758 Α-
1245 1697 1303 1762 θ
1347 1700 1740 1777 continetur,
1797 1697 2093 1766 debuisse
2138 1721 2282 1770 eum
2324 1721 2510 1787 supe-

299 1800 491 1862 rioris
536 1796 980 1884 disputationis
1018 1803 1403 1866 mentionem
1442 1800 1669 1879 facere,
1711 1802 1835 1881 ubi,
1879 1823 2042 1889 quse
2077 1802 2213 1868 illic
2246 1802 2508 1872 uberius

302 1905 593 1987 exposita
637 1913 816 1979 sunt,
870 1903 973 1968 hic
1029 1903 1305 1970 breviter
1361 1908 1891 1994 perstringuntur.
1979 1908 2124 1972 Hoc
2166 1909 2508 1993 praecipue

300 2006 471 2071 cadit
527 2010 595 2070 in
652 2017 843 2092 caput
894 2009 1148 2074 tertium
1203 2007 1347 2073 libri
1390 2011 1467 2075 A
1513 2007 1751 2073 collato
1797 2008 1965 2076 libro
2013 2010 2076 2073 Ζ
2080 2034 2096 2084 ;
2158 2010 2281 2075 alia
2326 2029 2506 2097 prae-

300 2119 477 2175 terea
520 2114 589 2175 in
634 2113 1086 2176 commentario
1131 2111 1321 2177 allata
1364 2123 1543 2184 suntz
1600 2111 1718 2180 sed
1774 2133 2081 2198 nusquam
2125 2133 2505 2184 commemo-

298 2225 477 2280 ratae
521 2217 869 2301 superioris
913 2214 1362 2301 disputationis
1397 2214 1503 2280 vel
1539 2214 1922 2282 levissimum
1958 2219 2309 2306 vestigium.
2373 2219 2508 2308 „Ne-

299 2339 423 2404 que
485 2315 759 2405 denique
814 2320 978 2384 inter
1033 2318 1262 2386 librum
1306 2324 1381 2386 A
1428 2333 1494 2386 et
1535 2324 1899 2406 superiores
1954 2319 2102 2390 illos
2154 2321 2355 2387 libros
2401 2321 2508 2388 vel

301 2442 526 2487 omnes
570 2421 675 2486 vel
721 2422 966 2509 aliquot
1008 2445 1084 2489 ea
1128 2423 1465 2491 intercedit
1506 2427 1702 2502 ratio,
1746 2446 1910 2510 quae
1952 2427 2120 2491 inter
2161 2425 2392 2494 librum
2435 2426 2506 2492 K

300 2536 363 2591 et
404 2524 614 2592 libros
641 2525 847 2607 ΒΓΕ,
891 2541 962 2595 ut
1007 2527 1227 2595 eadem
1274 2526 1535 2594 brevius
1574 2527 1681 2595 vel
1725 2527 1946 2615 paullo
1992 2527 2175 2595 aliter
2219 2534 2504 2616 exposita

299 2633 443 2708 siut,
491 2653 654 2716 quae
694 2630 830 2697 illic
863 2653 1118 2719 quoque
1150 2633 1497 2719 disceptata
1533 2644 1714 2709 sunt3
1757 2632 1871 2698 sed
1908 2644 2070 2720 qua'e
2104 2637 2170 2697 in
2206 2636 2346 2720 ipsa
2379 2656 2508 2701 me-

300 2735 635 2820 taphysica
681 2734 829 2802 libri
873 2739 948 2804 A
992 2748 1171 2823 parte
1218 2735 1632 2823 explicantur,
1675 2739 1732 2801 si
1774 2739 2063 2803 omiseris
2107 2740 2504 2824 prooemium

297 2838 649 2924 physicum,
694 2839 884 2925 plane
928 2851 1078 2906 sunt
1120 2861 1288 2904 nova
1336 2860 1545 2925 neque
1592 2860 1666 2902 ex
1709 2838 1837 2909 ulla
1877 2842 2276 2926 superiorum
2313 2840 2506 2907 libro·

297 2964 436 3008 rum
495 2958 676 3029 parte
732 2946 937 3030 repeti
989 2955 1278 3031 possunt.
1369 2942 1653 3009 Alterum
1699 2945 1893 3029 igitur
1937 2947 2001 3007 in
2047 2945 2172 3009 boc
2215 2944 2383 3011 libro
2428 2949 2503 3011 A

297 3045 591 3113 videmur
645 3047 878 3113 habere
935 3069 1102 3134 opus
1152 3047 1650 3134 metaphysicum
1700 3046 2085 3126 Aristotelis,
2143 3048 2504 3117 distinctum

299 3160 366 3215 et
407 3154 764 3217 seiunctum
809 3174 846 3215 a
891 3154 1253 3238 superiore;
1312 3151 1573 3216 uberior
1615 3148 1725 3214 illa
1769 3155 2215 3219 commentatio
2261 3156 2394 3219 suis
2439 3164 2507 3218 et

298 3258 479 3341 quasi
508 3253 875 3320 domesticis
904 3257 1147 3341 primae
1172 3253 1622 3341 philosophiae
1653 3257 1944 3321 innititur
1970 3259 2315 3342 principiis,
2349 3258 2506 3323 haec

297 3358 606 3444 physicae
642 3356 1017 3445 disciplinae
1050 3361 1359 3423 artissime
1393 3356 1780 3433 adnectitur;
1826 3357 1934 3422 illa
1970 3356 2074 3424 vel
2111 3364 2391 3447 pertinet
2421 3360 2504 3426 ad

299 3481 525 3526 omnes
570 3465 810 3549 primae
854 3461 1297 3549 philosophiae
1341 3471 1586 3547 partes,
1643 3461 1749 3525 vel
1793 3465 1881 3527 ita
1925 3473 2025 3527 est
2066 3466 2377 3541 instituta,
2435 3474 2506 3535 ut

299 3568 507 3649 possit
551 3563 635 3629 ad
679 3585 900 3631 omnes
942 3569 1282 3653 pertinere,
1328 3566 1486 3652 haec
1528 3587 1722 3631 unum
1768 3564 2082 3651 quendam
2130 3577 2195 3631 et
2229 3567 2506 3652 peculia-

298 3688 435 3732 rem
481 3665 724 3745 locum,
780 3668 863 3734 de
918 3690 1162 3735 summo
1208 3671 1524 3756 principio
1570 3680 1900 3746 movente,
1955 3668 2211 3755 reliquis
2258 3673 2503 3735 omissis

298 3772 812 3856 pertractandum
873 3773 989 3839 sibi
1048 3774 1332 3859 sumpsit.
1437 3771 1655 3839 Altera
1716 3777 2162 3840 commentatio
2219 3796 2360 3841 cum
2418 3773 2503 3837 al-

301 3883 434 3939 tera
478 3875 661 3941 nullo
704 3877 904 3942 modo
950 3888 1049 3943 est
1092 3881 1460 3952 coniuncta3
1519 3889 1659 3943 utra
1702 3880 1880 3963 prius
1924 3881 2154 3964 scripta
2199 3860 2506 3959 videatur,
2565 3922 2572 3929 -

302 3976 565 4043 difficile
610 3990 709 4044 est
750 3979 1079 4059 iudicium,
1135 4002 1507 4067 quamquam
1567 3981 1973 4047 conferentes
2017 3992 2207 4069 caput
2251 3984 2503 4049 tertium

302 4079 449 4146 libri
493 4086 568 4148 A
616 4105 757 4148 cum
801 4082 970 4150 libro
1018 4086 1080 4149 Z
1117 4087 1319 4172 magis
1362 4105 1443 4149 eo
1499 4083 1973 4165 inclinabimus,
2029 4097 2104 4153 ut
2157 4085 2384 4151 librum
2425 4087 2503 4153 A

302 4189 479 4273 prius
524 4208 665 4251 esse
710 4191 1009 4273 scriptum
1055 4193 1412 4275 opinemur.

430 4291 731 4377 Denique
773 4296 1028 4358 extremi
1076 4292 1207 4359 duo
1252 4292 1398 4358 libri
1431 4294 1521 4357 M
1545 4301 1612 4357 et
1641 4296 1720 4358 N
1741 4295 1912 4358 inter
1939 4314 2011 4358 se
2040 4290 2294 4378 quidem
2326 4295 2503 4378 ipsos

303 4395 391 4458 ita
433 4397 736 4473 connexi,
794 4406 869 4461 ut
907 4395 1019 4461 ubi
1063 4399 1387 4482 aptissime
1431 4396 1697 4461 alterum
1743 4394 2242 4485 distingueretur
2293 4393 2373 4459 ab
2417 4394 2504 4459 al-

306 4508 444 4563 tero
489 4497 838 4566 dubitatum
884 4503 965 4569 sit
1010 4498 1179 4583 (vid.
1226 4499 1309 4569 ad
1354 4502 1444 4567 M
1479 4504 1545 4569 9.
1597 4501 1802 4573 1⁰86«
1843 4502 2001 4583 21),
2045 4523 2082 4567 a
2125 4497 2384 4585 reliquis
2431 4496 2502 4563 li-
