<?xml version="1.0" encoding="UTF-8"?>
<!DOCTYPE html PUBLIC "-//W3C//DTD XHTML 1.0 Transitional//EN"
    "http://www.w3.org/TR/xhtml1/DTD/xhtml1-transitional.dtd">
<html xmlns="http://www.w3.org/1999/xhtml" xml:lang="en" lang="en">
 <head>
  <title>
</title>
<meta http-equiv="Content-Type" content="text/html;charset=utf-8" />
  <meta name='ocr-system' content='tesseract 3.04.00' />
  <meta name='ocr-capabilities' content='ocr_page ocr_carea ocr_par ocr_line ocrx_word'/>
</head>
<body>
  <div class='ocr_page' id='page_1' title='image "aristotelismeta01bonigoog_0583.png"; bbox 0 0 3109 5175; ppageno 0'>
   <div class='ocr_carea' id='block_1_1' title="bbox 1152 398 2544 479">
    <p class='ocr_par' dir='ltr' id='par_1_1' title="bbox 1152 398 2544 479">
     <span class='ocr_line' id='line_1_1' title="bbox 1152 398 2544 479; baseline 0 -2"><span class='ocrx_word' id='word_1_1' title='bbox 1152 407 1262 477; x_wconf 91' lang='lat' dir='ltr'><em>M</em></span> <span class='ocrx_word' id='word_1_2' title='bbox 1302 400 1368 476; x_wconf 88' lang='lat'><strong>7.</strong></span> <span class='ocrx_word' id='word_1_3' title='bbox 1455 398 1725 479; x_wconf 75' lang='lat'>10820.</span> <span class='ocrx_word' id='word_1_4' title='bbox 2398 399 2544 477; x_wconf 80' lang='lat'><strong>549</strong></span> 
     </span>
    </p>
   </div>
   <div class='ocr_carea' id='block_1_2' title="bbox 327 576 2545 3788">
    <p class='ocr_par' dir='ltr' id='par_1_2' title="bbox 327 576 2545 3788">
     <span class='ocr_line' id='line_1_2' title="bbox 463 576 2541 666; baseline 0.001 -23"><span class='ocrx_word' id='word_1_5' title='bbox 463 578 553 656; x_wconf 86' lang='lat'><strong>3)</strong></span> <span class='ocrx_word' id='word_1_6' title='bbox 597 576 802 645; x_wconf 79' lang='grc' dir='ltr'>108Ῑό</span> <span class='ocrx_word' id='word_1_7' title='bbox 827 576 1130 645; x_wconf 81' lang='lat'><strong>10—33.</strong></span> <span class='ocrx_word' id='word_1_8' title='bbox 1207 580 1507 666; x_wconf 82' lang='lat' dir='ltr'><strong>Denique</strong></span> <span class='ocrx_word' id='word_1_9' title='bbox 1549 601 1765 647; x_wconf 83' lang='lat' dir='ltr'><strong>veram</strong></span> <span class='ocrx_word' id='word_1_10' title='bbox 1809 598 2214 646; x_wconf 86' lang='lat' dir='ltr'><strong>numerorum</strong></span> <span class='ocrx_word' id='word_1_11' title='bbox 2254 590 2541 647; x_wconf 85' lang='lat' dir='ltr'><strong>naturam</strong></span> 
     </span>
     <span class='ocr_line' id='line_1_3' title="bbox 331 678 2544 772; baseline 0.002 -28"><span class='ocrx_word' id='word_1_12' title='bbox 331 678 598 746; x_wconf 75' lang='lat' dir='ltr'><strong>adhibet</strong></span> <span class='ocrx_word' id='word_1_13' title='bbox 653 680 736 747; x_wconf 88' lang='lat' dir='ltr'><strong>ad</strong></span> <span class='ocrx_word' id='word_1_14' title='bbox 790 679 1148 748; x_wconf 81' lang='lat' dir='ltr'><strong>refellenda</strong></span> <span class='ocrx_word' id='word_1_15' title='bbox 1199 684 1362 749; x_wconf 66' lang='lat' dir='ltr'><strong>baec</strong></span> <span class='ocrx_word' id='word_1_16' title='bbox 1403 684 1668 772; x_wconf 84' lang='lat' dir='ltr'><strong>placita,</strong></span> <span class='ocrx_word' id='word_1_17' title='bbox 1725 684 1954 770; x_wconf 84' lang='lat' dir='ltr'><strong>quibus</strong></span> <span class='ocrx_word' id='word_1_18' title='bbox 1995 682 2380 751; x_wconf 80' lang='lat' dir='ltr'><strong>videbantur</strong></span> <span class='ocrx_word' id='word_1_19' title='bbox 2419 694 2544 749; x_wconf 83' lang='lat' dir='ltr'><strong>sta-</strong></span> 
     </span>
     <span class='ocr_line' id='line_1_4' title="bbox 330 786 2540 872; baseline 0.002 -23"><span class='ocrx_word' id='word_1_20' title='bbox 330 794 510 849; x_wconf 87' lang='lat' dir='ltr'><strong>tuere</strong></span> <span class='ocrx_word' id='word_1_21' title='bbox 563 804 891 865; x_wconf 84' lang='lat' dir='ltr'><strong>numeros,</strong></span> <span class='ocrx_word' id='word_1_22' title='bbox 948 808 1139 872; x_wconf 89' lang='lat' dir='ltr'><strong>quum</strong></span> <span class='ocrx_word' id='word_1_23' title='bbox 1195 786 1481 854; x_wconf 85' lang='lat' dir='ltr'><strong>funditus</strong></span> <span class='ocrx_word' id='word_1_24' title='bbox 1539 799 1902 854; x_wconf 79' lang='lat' dir='ltr'><strong>everterent</strong></span> <span class='ocrx_word' id='word_1_25' title='bbox 1956 808 2177 855; x_wconf 87' lang='lat' dir='ltr'><strong>eorum</strong></span> <span class='ocrx_word' id='word_1_26' title='bbox 2234 798 2540 854; x_wconf 89' lang='lat' dir='ltr'><strong>naturam.</strong></span> 
     </span>
     <span class='ocr_line' id='line_1_5' title="bbox 330 887 2542 974; baseline 0.003 -22"><span class='ocrx_word' id='word_1_27' title='bbox 330 887 658 974; x_wconf 80' lang='lat' dir='ltr'><strong>Quidquid</strong></span> <span class='ocrx_word' id='word_1_28' title='bbox 704 888 791 954; x_wconf 86' lang='lat' dir='ltr'><strong>de</strong></span> <span class='ocrx_word' id='word_1_29' title='bbox 830 900 1058 956; x_wconf 87' lang='lat' dir='ltr'><strong>natura</strong></span> <span class='ocrx_word' id='word_1_30' title='bbox 1102 895 1409 958; x_wconf 86' lang='lat' dir='ltr'><strong>unitatum</strong></span> <span class='ocrx_word' id='word_1_31' title='bbox 1455 895 1783 971; x_wconf 75' lang='lat' dir='ltr'><strong>statuitur,</strong></span> <span class='ocrx_word' id='word_1_32' title='bbox 1840 894 1931 957; x_wconf 90' lang='lat' dir='ltr'><strong>ait</strong></span> <span class='ocrx_word' id='word_1_33' title='bbox 1972 893 2115 972; x_wconf 59' lang='lat' dir='ltr'><strong>Ain,</strong></span> <span class='ocrx_word' id='word_1_34' title='bbox 2170 889 2332 958; x_wconf 84' lang='lat' dir='ltr'><strong>illud</strong></span> <span class='ocrx_word' id='word_1_35' title='bbox 2385 909 2542 958; x_wconf 88' lang='lat' dir='ltr'><strong>sane</strong></span> 
     </span>
     <span class='ocr_line' id='line_1_6' title="bbox 329 995 2541 1083; baseline 0.001 -26"><span class='ocrx_word' id='word_1_36' title='bbox 329 1011 592 1057; x_wconf 85' lang='lat' dir='ltr'><strong>necesse</strong></span> <span class='ocrx_word' id='word_1_37' title='bbox 650 1003 750 1060; x_wconf 86' lang='lat' dir='ltr'><strong>est</strong></span> <span class='ocrx_word' id='word_1_38' title='bbox 804 1013 1104 1060; x_wconf 85' lang='lat' dir='ltr'><strong>numeros</strong></span> <span class='ocrx_word' id='word_1_39' title='bbox 1163 995 1465 1082; x_wconf 80' lang='lat' dir='ltr'><strong>deinceps</strong></span> <span class='ocrx_word' id='word_1_40' title='bbox 1522 995 1671 1061; x_wconf 85' lang='lat' dir='ltr'><strong>fieri</strong></span> <span class='ocrx_word' id='word_1_41' title='bbox 1729 995 1961 1063; x_wconf 87' lang='lat' dir='ltr'><strong>additis</strong></span> <span class='ocrx_word' id='word_1_42' title='bbox 2019 995 2101 1062; x_wconf 89' lang='lat' dir='ltr'><strong>ad</strong></span> <span class='ocrx_word' id='word_1_43' title='bbox 2143 998 2541 1083; x_wconf 85' lang='lat' dir='ltr'><strong>superiorem</strong></span> 
     </span>
     <span class='ocr_line' id='line_1_7' title="bbox 329 1097 2543 1186; baseline 0.002 -27"><span class='ocrx_word' id='word_1_44' title='bbox 329 1115 642 1183; x_wconf 81' lang='lat' dir='ltr'><strong>quemque</strong></span> <span class='ocrx_word' id='word_1_45' title='bbox 686 1117 1015 1165; x_wconf 89' lang='lat' dir='ltr'><strong>numerum</strong></span> <span class='ocrx_word' id='word_1_46' title='bbox 1062 1099 1438 1177; x_wconf 77' lang='lat' dir='ltr'><strong>unitatibus3</strong></span> <span class='ocrx_word' id='word_1_47' title='bbox 1491 1098 1669 1186; x_wconf 89' lang='lat' dir='ltr'><strong>quod</strong></span> <span class='ocrx_word' id='word_1_48' title='bbox 1712 1102 1766 1164; x_wconf 87' lang='lat' dir='ltr'><strong>si</strong></span> <span class='ocrx_word' id='word_1_49' title='bbox 1813 1110 1911 1166; x_wconf 89' lang='lat' dir='ltr'><strong>est</strong></span> <span class='ocrx_word' id='word_1_50' title='bbox 1951 1120 2217 1166; x_wconf 84' lang='lat' dir='ltr'><strong>necesse</strong></span> <span class='ocrx_word' id='word_1_51' title='bbox 2258 1097 2543 1186; x_wconf 85' lang='lat' dir='ltr'><strong>ideoque</strong></span> 
     </span>
     <span class='ocr_line' id='line_1_8' title="bbox 327 1199 2541 1292; baseline 0.002 -29"><span class='ocrx_word' id='word_1_52' title='bbox 327 1199 638 1265; x_wconf 85' lang='lat' dir='ltr'><strong>binarium</strong></span> <span class='ocrx_word' id='word_1_53' title='bbox 671 1220 999 1267; x_wconf 88' lang='lat' dir='ltr'><strong>numerum</strong></span> <span class='ocrx_word' id='word_1_54' title='bbox 1034 1207 1307 1283; x_wconf 87' lang='lat' dir='ltr'><strong>ternarii,</strong></span> <span class='ocrx_word' id='word_1_55' title='bbox 1340 1207 1682 1269; x_wconf 88' lang='lat' dir='ltr'><strong>ternarium</strong></span> <span class='ocrx_word' id='word_1_56' title='bbox 1710 1208 2093 1290; x_wconf 77' lang='lat' dir='ltr'><strong>quaternarii</strong></span> <span class='ocrx_word' id='word_1_57' title='bbox 2121 1213 2368 1292; x_wconf 86' lang='lat' dir='ltr'><strong>partem</strong></span> <span class='ocrx_word' id='word_1_58' title='bbox 2397 1202 2541 1268; x_wconf 85' lang='lat' dir='ltr'><strong>fieri</strong></span> 
     </span>
     <span class='ocr_line' id='line_1_9' title="bbox 327 1300 2544 1393; baseline 0.002 -26"><span class='ocrx_word' id='word_1_59' title='bbox 327 1314 592 1390; x_wconf 83' lang='lat' dir='ltr'><strong>oportet</strong></span> <span class='ocrx_word' id='word_1_60' title='bbox 629 1301 905 1388; x_wconf 70' lang='grc' dir='ltr'>(μόριον</span> <span class='ocrx_word' id='word_1_61' title='bbox 938 1300 1067 1393; x_wconf 79' lang='grc' dir='ltr'><strong>γὰρ</strong></span> <span class='ocrx_word' id='word_1_62' title='bbox 1100 1308 1393 1392; x_wconf 77' lang='grc' dir='ltr'><em>γίγνεται</em></span> <span class='ocrx_word' id='word_1_63' title='bbox 1429 1309 1565 1373; x_wconf 81' lang='grc' dir='ltr'><strong><em>κτλ.</em></strong></span> <span class='ocrx_word' id='word_1_64' title='bbox 1604 1310 1754 1388; x_wconf 75' lang='grc' dir='ltr'>ὸ18,</span> <span class='ocrx_word' id='word_1_65' title='bbox 1797 1311 2087 1374; x_wconf 88' lang='lat' dir='ltr'><strong>nimirum</strong></span> <span class='ocrx_word' id='word_1_66' title='bbox 2123 1329 2199 1373; x_wconf 83' lang='lat' dir='ltr'><strong>ex</strong></span> <span class='ocrx_word' id='word_1_67' title='bbox 2237 1329 2388 1373; x_wconf 84' lang='lat' dir='ltr'><strong>vera</strong></span> <span class='ocrx_word' id='word_1_68' title='bbox 2430 1327 2544 1372; x_wconf 81' lang='lat' dir='ltr'><strong>nu-</strong></span> 
     </span>
     <span class='ocr_line' id='line_1_10' title="bbox 328 1409 2544 1500; baseline 0.002 -29"><span class='ocrx_word' id='word_1_69' title='bbox 328 1427 646 1472; x_wconf 88' lang='lat' dir='ltr'><strong>merorum</strong></span> <span class='ocrx_word' id='word_1_70' title='bbox 683 1417 926 1489; x_wconf 85' lang='lat' dir='ltr'><strong>natura,</strong></span> <span class='ocrx_word' id='word_1_71' title='bbox 964 1431 1098 1476; x_wconf 89' lang='lat' dir='ltr'><strong>non</strong></span> <span class='ocrx_word' id='word_1_72' title='bbox 1139 1432 1213 1475; x_wconf 84' lang='lat' dir='ltr'><strong>ex</strong></span> <span class='ocrx_word' id='word_1_73' title='bbox 1242 1409 1592 1493; x_wconf 90' lang='lat' dir='ltr'><strong>Platonica,</strong></span> <span class='ocrx_word' id='word_1_74' title='bbox 1636 1432 1821 1499; x_wconf 86' lang='lat' dir='ltr'><strong>quam</strong></span> <span class='ocrx_word' id='word_1_75' title='bbox 1857 1413 2070 1500; x_wconf 80' lang='lat' dir='ltr'><strong>verbis</strong></span> <span class='ocrx_word' id='word_1_76' title='bbox 2106 1415 2396 1500; x_wconf 79' lang='lat' dir='ltr'><strong>proxime</strong></span> <span class='ocrx_word' id='word_1_77' title='bbox 2434 1431 2544 1476; x_wconf 80' lang='lat' dir='ltr'><strong>an-</strong></span> 
     </span>
     <span class='ocr_line' id='line_1_11' title="bbox 328 1509 2543 1601; baseline 0.001 -25"><span class='ocrx_word' id='word_1_78' title='bbox 328 1509 799 1576; x_wconf 83' lang='lat' dir='ltr'><strong>tecedentibus:</strong></span> <span class='ocrx_word' id='word_1_79' title='bbox 845 1509 933 1588; x_wconf 84' lang='grc' dir='ltr'><strong>ὡς</strong></span> <span class='ocrx_word' id='word_1_80' title='bbox 974 1516 1287 1596; x_wconf 77' lang='grc' dir='ltr'><strong>γεννῶσιν</strong></span> <span class='ocrx_word' id='word_1_81' title='bbox 1331 1519 1401 1579; x_wconf 68' lang='lat' dir='ltr'><strong>ee</strong></span> <span class='ocrx_word' id='word_1_82' title='bbox 1444 1519 1565 1597; x_wconf 74' lang='grc' dir='ltr'><strong>τῆς</strong></span> <span class='ocrx_word' id='word_1_83' title='bbox 1608 1511 1852 1592; x_wconf 75' lang='grc' dir='ltr'><em>δυάδος</em></span> <span class='ocrx_word' id='word_1_84' title='bbox 1894 1553 1983 1566; x_wconf 90' lang='grc'>-</span> <span class='ocrx_word' id='word_1_85' title='bbox 2027 1519 2140 1580; x_wconf 83' lang='lat' dir='ltr'><strong>int.</strong></span> <span class='ocrx_word' id='word_1_86' title='bbox 2187 1517 2309 1596; x_wconf 84' lang='grc' dir='ltr'><strong>τῆς</strong></span> <span class='ocrx_word' id='word_1_87' title='bbox 2351 1512 2543 1601; x_wconf 79' lang='grc' dir='ltr'><em>ἀορί-</em></span> 
     </span>
     <span class='ocr_line' id='line_1_12' title="bbox 329 1610 2544 1706; baseline 0 -25"><span class='ocrx_word' id='word_1_88' title='bbox 329 1635 491 1681; x_wconf 79' lang='grc' dir='ltr'><em>στου</em></span> <span class='ocrx_word' id='word_1_89' title='bbox 536 1652 620 1667; x_wconf 89' lang='grc'><strong>-</strong></span> <span class='ocrx_word' id='word_1_90' title='bbox 666 1617 779 1682; x_wconf 84' lang='grc' dir='ltr'><strong>καὶ</strong></span> <span class='ocrx_word' id='word_1_91' title='bbox 835 1617 957 1681; x_wconf 86' lang='grc' dir='ltr'><strong>τοῦ</strong></span> <span class='ocrx_word' id='word_1_92' title='bbox 1012 1610 1176 1694; x_wconf 76' lang='grc' dir='ltr'><strong><em>ἑνός,</em></strong></span> <span class='ocrx_word' id='word_1_93' title='bbox 1232 1615 1641 1706; x_wconf 73' lang='lat' dir='ltr'><strong>descripsit),</strong></span> <span class='ocrx_word' id='word_1_94' title='bbox 1697 1618 1943 1683; x_wconf 78' lang='lat' dir='ltr'><strong>admitti</strong></span> <span class='ocrx_word' id='word_1_95' title='bbox 1998 1638 2136 1683; x_wconf 91' lang='lat' dir='ltr'><strong>non</strong></span> <span class='ocrx_word' id='word_1_96' title='bbox 2192 1628 2410 1705; x_wconf 86' lang='lat' dir='ltr'><strong>potest</strong></span> <span class='ocrx_word' id='word_1_97' title='bbox 2467 1637 2544 1683; x_wconf 77' lang='lat' dir='ltr'><strong>ea</strong></span> 
     </span>
     <span class='ocr_line' id='line_1_13' title="bbox 328 1721 2544 1810; baseline 0.001 -27"><span class='ocrx_word' id='word_1_98' title='bbox 328 1740 513 1806; x_wconf 88' lang='lat' dir='ltr'><strong>quam</strong></span> <span class='ocrx_word' id='word_1_99' title='bbox 560 1730 919 1785; x_wconf 87' lang='lat' dir='ltr'><strong>statuerunt</strong></span> <span class='ocrx_word' id='word_1_100' title='bbox 952 1739 1356 1786; x_wconf 87' lang='lat' dir='ltr'><strong>numerorum</strong></span> <span class='ocrx_word' id='word_1_101' title='bbox 1398 1744 1473 1786; x_wconf 83' lang='lat' dir='ltr'><strong>ex</strong></span> <span class='ocrx_word' id='word_1_102' title='bbox 1513 1743 1648 1788; x_wconf 91' lang='lat' dir='ltr'><strong>uno</strong></span> <span class='ocrx_word' id='word_1_103' title='bbox 1687 1734 1753 1788; x_wconf 83' lang='lat' dir='ltr'><strong>et</strong></span> <span class='ocrx_word' id='word_1_104' title='bbox 1788 1721 2125 1789; x_wconf 85' lang='lat' dir='ltr'><strong>indefinita</strong></span> <span class='ocrx_word' id='word_1_105' title='bbox 2166 1721 2378 1810; x_wconf 78' lang='lat' dir='ltr'><strong>dyada</strong></span> <span class='ocrx_word' id='word_1_106' title='bbox 2417 1722 2544 1786; x_wconf 77' lang='lat' dir='ltr'><strong>ori-</strong></span> 
     </span>
     <span class='ocr_line' id='line_1_14' title="bbox 328 1822 2545 1913; baseline 0.002 -25"><span class='ocrx_word' id='word_1_107' title='bbox 328 1825 593 1913; x_wconf 81' lang='lat' dir='ltr'><strong>ginatio,</strong></span> <span class='ocrx_word' id='word_1_108' title='bbox 637 1843 801 1910; x_wconf 85' lang='lat' dir='ltr'><strong>quae</strong></span> <span class='ocrx_word' id='word_1_109' title='bbox 845 1823 1012 1888; x_wconf 89' lang='lat' dir='ltr'><strong>hanc</strong></span> <span class='ocrx_word' id='word_1_110' title='bbox 1051 1822 1442 1910; x_wconf 70' lang='lat' dir='ltr'><strong>additionem</strong></span> <span class='ocrx_word' id='word_1_111' title='bbox 1484 1823 1791 1904; x_wconf 78' lang='lat' dir='ltr'><strong>excludat,</strong></span> <span class='ocrx_word' id='word_1_112' title='bbox 1832 1828 2190 1893; x_wconf 72' lang='lat' dir='ltr'><strong>alo-2⁰.</strong></span> <span class='ocrx_word' id='word_1_113' title='bbox 2262 1828 2348 1892; x_wconf 82' lang='lat' dir='ltr'><strong>At</strong></span> <span class='ocrx_word' id='word_1_114' title='bbox 2382 1826 2545 1892; x_wconf 75' lang='lat' dir='ltr'><strong>effu-</strong></span> 
     </span>
     <span class='ocr_line' id='line_1_15' title="bbox 331 1926 2544 2017; baseline 0 -24"><span class='ocrx_word' id='word_1_115' title='bbox 331 1950 487 2017; x_wconf 74' lang='lat' dir='ltr'><strong>gere</strong></span> <span class='ocrx_word' id='word_1_116' title='bbox 533 1928 786 2014; x_wconf 81' lang='lat' dir='ltr'><strong>quidem</strong></span> <span class='ocrx_word' id='word_1_117' title='bbox 833 1927 1022 1993; x_wconf 84' lang='lat' dir='ltr'><strong>Plato</strong></span> <span class='ocrx_word' id='word_1_118' title='bbox 1077 1928 1199 1993; x_wconf 86' lang='lat' dir='ltr'><strong>sibi</strong></span> <span class='ocrx_word' id='word_1_119' title='bbox 1255 1926 1509 1993; x_wconf 78' lang='lat' dir='ltr'><strong>videtur</strong></span> <span class='ocrx_word' id='word_1_120' title='bbox 1566 1932 1729 1996; x_wconf 89' lang='lat' dir='ltr'><strong>hanc</strong></span> <span class='ocrx_word' id='word_1_121' title='bbox 1771 1930 2055 1996; x_wconf 85' lang='lat' dir='ltr'><strong>addendi</strong></span> <span class='ocrx_word' id='word_1_122' title='bbox 2098 1933 2544 1996; x_wconf 88' lang='lat' dir='ltr'><strong>necessitatem</strong></span> 
     </span>
     <span class='ocr_line' id='line_1_16' title="bbox 330 2027 2542 2122; baseline 0 -26"><span class='ocrx_word' id='word_1_123' title='bbox 330 2030 520 2113; x_wconf 81' lang='grc' dir='ltr'><strong>(ἀλλ’</strong></span> <span class='ocrx_word' id='word_1_124' title='bbox 557 2034 701 2108; x_wconf 76' lang='grc' dir='ltr'><strong>ὁ21,</strong></span> <span class='ocrx_word' id='word_1_125' title='bbox 748 2031 869 2118; x_wconf 72' lang='lat' dir='ltr'><strong>qua</strong></span> <span class='ocrx_word' id='word_1_126' title='bbox 900 2030 1213 2118; x_wconf 85' lang='lat' dir='ltr'><strong>particula</strong></span> <span class='ocrx_word' id='word_1_127' title='bbox 1260 2033 1565 2099; x_wconf 70' lang='grc' dir='ltr'><strong>ἔνστασιν</strong></span> <span class='ocrx_word' id='word_1_128' title='bbox 1597 2027 1765 2122; x_wconf 80' lang='grc' dir='ltr'><em>πρὸς</em></span> <span class='ocrx_word' id='word_1_129' title='bbox 1799 2029 2038 2102; x_wconf 75' lang='grc' dir='ltr'><em>ἑαυτὸν</em></span> <span class='ocrx_word' id='word_1_130' title='bbox 2071 2030 2319 2119; x_wconf 68' lang='grc' dir='ltr'><strong>ἐπάγει,</strong></span> <span class='ocrx_word' id='word_1_131' title='bbox 2364 2032 2542 2098; x_wconf 78' lang='lat' dir='ltr'><strong>Alex.</strong></span> 
     </span>
     <span class='ocr_line' id='line_1_17' title="bbox 328 2138 2545 2228; baseline 0.001 -28"><span class='ocrx_word' id='word_1_132' title='bbox 328 2159 390 2225; x_wconf 90' lang='lat' dir='ltr'><strong>p.</strong></span> <span class='ocrx_word' id='word_1_133' title='bbox 426 2139 570 2217; x_wconf 84' lang='grc'>730,</span> <span class='ocrx_word' id='word_1_134' title='bbox 603 2138 749 2218; x_wconf 80' lang='grc'>24),</span> <span class='ocrx_word' id='word_1_135' title='bbox 797 2154 986 2222; x_wconf 87' lang='lat' dir='ltr'><strong>quum</strong></span> <span class='ocrx_word' id='word_1_136' title='bbox 1033 2138 1499 2223; x_wconf 83' lang='lat' dir='ltr'><strong>quaternarium</strong></span> <span class='ocrx_word' id='word_1_137' title='bbox 1545 2157 1873 2204; x_wconf 88' lang='lat' dir='ltr'><strong>numerum</strong></span> <span class='ocrx_word' id='word_1_138' title='bbox 1921 2161 1974 2205; x_wconf 90' lang='lat' dir='ltr'><strong>e.</strong></span> <span class='ocrx_word' id='word_1_139' title='bbox 2007 2160 2070 2228; x_wconf 79' lang='lat' dir='ltr'><strong>g.</strong></span> <span class='ocrx_word' id='word_1_140' title='bbox 2117 2158 2253 2204; x_wconf 93' lang='lat' dir='ltr'><strong>non</strong></span> <span class='ocrx_word' id='word_1_141' title='bbox 2301 2159 2375 2203; x_wconf 82' lang='lat' dir='ltr'><strong>ex</strong></span> <span class='ocrx_word' id='word_1_142' title='bbox 2421 2148 2545 2203; x_wconf 90' lang='lat' dir='ltr'><strong>ter-</strong></span> 
     </span>
     <span class='ocr_line' id='line_1_18' title="bbox 330 2239 2544 2320; baseline 0.001 -15"><span class='ocrx_word' id='word_1_143' title='bbox 330 2246 511 2306; x_wconf 89' lang='lat' dir='ltr'><strong>nario</strong></span> <span class='ocrx_word' id='word_1_144' title='bbox 558 2239 771 2306; x_wconf 88' lang='lat' dir='ltr'><strong>addita</strong></span> <span class='ocrx_word' id='word_1_145' title='bbox 817 2244 1061 2308; x_wconf 87' lang='lat' dir='ltr'><strong>unitate</strong></span> <span class='ocrx_word' id='word_1_146' title='bbox 1101 2261 1249 2320; x_wconf 90' lang='lat' dir='ltr'><strong>una,</strong></span> <span class='ocrx_word' id='word_1_147' title='bbox 1293 2240 1408 2306; x_wconf 90' lang='lat' dir='ltr'><strong>sed</strong></span> <span class='ocrx_word' id='word_1_148' title='bbox 1455 2263 1494 2307; x_wconf 91' lang='lat' dir='ltr'><strong>e</strong></span> <span class='ocrx_word' id='word_1_149' title='bbox 1538 2242 1845 2309; x_wconf 74' lang='lat' dir='ltr'><strong>dualitate</strong></span> <span class='ocrx_word' id='word_1_150' title='bbox 1888 2242 2080 2310; x_wconf 81' lang='lat' dir='ltr'><strong>ideali</strong></span> <span class='ocrx_word' id='word_1_151' title='bbox 2128 2252 2193 2308; x_wconf 90' lang='lat' dir='ltr'><strong>et</strong></span> <span class='ocrx_word' id='word_1_152' title='bbox 2236 2240 2544 2308; x_wconf 79' lang='lat' dir='ltr'><strong>dualitate</strong></span> 
     </span>
     <span class='ocr_line' id='line_1_19' title="bbox 329 2341 2543 2432; baseline 0.002 -23"><span class='ocrx_word' id='word_1_153' title='bbox 329 2344 680 2424; x_wconf 83' lang='lat' dir='ltr'><strong>indefinita,</strong></span> <span class='ocrx_word' id='word_1_154' title='bbox 726 2355 797 2411; x_wconf 92' lang='lat' dir='ltr'><strong>ut</strong></span> <span class='ocrx_word' id='word_1_155' title='bbox 841 2366 1006 2432; x_wconf 88' lang='lat' dir='ltr'><strong>qnae</strong></span> <span class='ocrx_word' id='word_1_156' title='bbox 1049 2348 1132 2411; x_wconf 90' lang='lat' dir='ltr'><strong>sit</strong></span> <span class='ocrx_word' id='word_1_157' title='bbox 1176 2341 1488 2424; x_wconf 71' lang='grc' dir='ltr'><strong><em>δυοποιός</em></strong></span> <span class='ocrx_word' id='word_1_158' title='bbox 1531 2348 1653 2429; x_wconf 83' lang='lat' dir='ltr'><strong>(cf.</strong></span> <span class='ocrx_word' id='word_1_159' title='bbox 1688 2349 1897 2414; x_wconf 64' lang='lat'>1062:</span> <span class='ocrx_word' id='word_1_160' title='bbox 1924 2351 2028 2414; x_wconf 86' lang='lat'><strong>15.</strong></span> <span class='ocrx_word' id='word_1_161' title='bbox 2084 2349 2148 2413; x_wconf 83' lang='grc' dir='ltr'><strong>Θ.</strong></span> <span class='ocrx_word' id='word_1_162' title='bbox 2186 2348 2389 2414; x_wconf 66' lang='lat'><strong>1⁰83*</strong></span> <span class='ocrx_word' id='word_1_163' title='bbox 2412 2349 2543 2430; x_wconf 80' lang='lat'><strong>36)</strong></span> 
     </span>
     <span class='ocr_line' id='line_1_20' title="bbox 328 2448 2543 2539; baseline 0 -24"><span class='ocrx_word' id='word_1_164' title='bbox 328 2452 634 2539; x_wconf 74' lang='lat' dir='ltr'><strong>progigni</strong></span> <span class='ocrx_word' id='word_1_165' title='bbox 665 2459 918 2516; x_wconf 74' lang='lat' dir='ltr'><strong>stamat.</strong></span> <span class='ocrx_word' id='word_1_166' title='bbox 987 2448 1119 2515; x_wconf 90' lang='lat' dir='ltr'><strong>Sed</strong></span> <span class='ocrx_word' id='word_1_167' title='bbox 1150 2452 1217 2515; x_wconf 93' lang='lat' dir='ltr'><strong>in</strong></span> <span class='ocrx_word' id='word_1_168' title='bbox 1255 2469 1459 2515; x_wconf 78' lang='lat' dir='ltr'><strong>novas</strong></span> <span class='ocrx_word' id='word_1_169' title='bbox 1492 2450 1722 2517; x_wconf 84' lang='lat' dir='ltr'><strong>incidit</strong></span> <span class='ocrx_word' id='word_1_170' title='bbox 1755 2451 2179 2517; x_wconf 83' lang='lat' dir='ltr'><strong>difficultates.</strong></span> <span class='ocrx_word' id='word_1_171' title='bbox 2248 2450 2345 2515; x_wconf 81' lang='lat' dir='ltr'><strong>Ita</strong></span> <span class='ocrx_word' id='word_1_172' title='bbox 2374 2453 2543 2516; x_wconf 88' lang='lat' dir='ltr'><strong>enim</strong></span> 
     </span>
     <span class='ocr_line' id='line_1_21' title="bbox 327 2552 2543 2645; baseline 0 -27"><span class='ocrx_word' id='word_1_173' title='bbox 327 2555 394 2619; x_wconf 93' lang='lat' dir='ltr'><strong>in</strong></span> <span class='ocrx_word' id='word_1_174' title='bbox 441 2555 848 2640; x_wconf 85' lang='lat' dir='ltr'><strong>quaternario</strong></span> <span class='ocrx_word' id='word_1_175' title='bbox 895 2574 1159 2620; x_wconf 90' lang='lat' dir='ltr'><strong>numero</strong></span> <span class='ocrx_word' id='word_1_176' title='bbox 1213 2552 1378 2621; x_wconf 89' lang='lat' dir='ltr'><strong>duae</strong></span> <span class='ocrx_word' id='word_1_177' title='bbox 1426 2566 1615 2621; x_wconf 84' lang='lat' dir='ltr'><strong>erunt</strong></span> <span class='ocrx_word' id='word_1_178' title='bbox 1659 2555 1997 2622; x_wconf 75' lang='lat' dir='ltr'><strong>dualitates</strong></span> <span class='ocrx_word' id='word_1_179' title='bbox 2043 2564 2298 2645; x_wconf 88' lang='lat' dir='ltr'><strong>praeter</strong></span> <span class='ocrx_word' id='word_1_180' title='bbox 2341 2556 2543 2641; x_wconf 81' lang='lat' dir='ltr'><strong>ipsam</strong></span> 
     </span>
     <span class='ocr_line' id='line_1_22' title="bbox 332 2655 2544 2744; baseline 0.001 -22"><span class='ocrx_word' id='word_1_181' title='bbox 332 2657 717 2735; x_wconf 77' lang='lat' dir='ltr'><strong>dualitatem,</strong></span> <span class='ocrx_word' id='word_1_182' title='bbox 752 2659 901 2735; x_wconf 68' lang='lat'><strong>⁶22,</strong></span> <span class='ocrx_word' id='word_1_183' title='bbox 944 2669 1058 2723; x_wconf 86' lang='lat' dir='ltr'><strong>aut</strong></span> <span class='ocrx_word' id='word_1_184' title='bbox 1101 2661 1154 2721; x_wconf 88' lang='lat' dir='ltr'><strong>si</strong></span> <span class='ocrx_word' id='word_1_185' title='bbox 1194 2660 1321 2723; x_wconf 89' lang='lat' dir='ltr'><strong>hoc</strong></span> <span class='ocrx_word' id='word_1_186' title='bbox 1357 2658 1640 2726; x_wconf 81' lang='lat' dir='ltr'><strong>voluerit</strong></span> <span class='ocrx_word' id='word_1_187' title='bbox 1684 2664 1922 2726; x_wconf 84' lang='lat' dir='ltr'><strong>evitare</strong></span> <span class='ocrx_word' id='word_1_188' title='bbox 1968 2664 2066 2743; x_wconf 74' lang='lat' dir='ltr'><strong>(si</strong></span> <span class='ocrx_word' id='word_1_189' title='bbox 2112 2660 2181 2725; x_wconf 72' lang='grc' dir='ltr'><strong>δὲ</strong></span> <span class='ocrx_word' id='word_1_190' title='bbox 2223 2655 2318 2744; x_wconf 85' lang='grc' dir='ltr'><strong>μή</strong></span> <span class='ocrx_word' id='word_1_191' title='bbox 2354 2659 2544 2739; x_wconf 71' lang='lat'><strong>⁶22),</strong></span> 
     </span>
     <span class='ocr_line' id='line_1_23' title="bbox 329 2759 2544 2849; baseline 0.002 -24"><span class='ocrx_word' id='word_1_192' title='bbox 329 2763 468 2847; x_wconf 89' lang='lat' dir='ltr'><strong>ipsa</strong></span> <span class='ocrx_word' id='word_1_193' title='bbox 517 2764 578 2824; x_wconf 87' lang='lat' dir='ltr'><strong>ei</strong></span> <span class='ocrx_word' id='word_1_194' title='bbox 623 2764 810 2825; x_wconf 87' lang='lat' dir='ltr'><strong>inerit</strong></span> <span class='ocrx_word' id='word_1_195' title='bbox 856 2759 1126 2825; x_wconf 78' lang='lat' dir='ltr'><strong>dualitas</strong></span> <span class='ocrx_word' id='word_1_196' title='bbox 1173 2772 1238 2826; x_wconf 84' lang='lat' dir='ltr'><strong>et</strong></span> <span class='ocrx_word' id='word_1_197' title='bbox 1281 2762 1429 2827; x_wconf 86' lang='lat' dir='ltr'><strong>lmic</strong></span> <span class='ocrx_word' id='word_1_198' title='bbox 1469 2763 1685 2829; x_wconf 89' lang='lat' dir='ltr'><strong>addita</strong></span> <span class='ocrx_word' id='word_1_199' title='bbox 1732 2764 1934 2830; x_wconf 88' lang='lat' dir='ltr'><strong>altera</strong></span> <span class='ocrx_word' id='word_1_200' title='bbox 1981 2762 2269 2829; x_wconf 88' lang='lat' dir='ltr'><strong>dualitas.</strong></span> <span class='ocrx_word' id='word_1_201' title='bbox 2339 2761 2544 2849; x_wconf 79' lang='lat' dir='ltr'><strong>Quod</strong></span> 
     </span>
     <span class='ocr_line' id='line_1_24' title="bbox 330 2863 2542 2957; baseline 0.001 -27"><span class='ocrx_word' id='word_1_202' title='bbox 330 2884 517 2951; x_wconf 86' lang='lat' dir='ltr'><strong>quam</strong></span> <span class='ocrx_word' id='word_1_203' title='bbox 562 2863 903 2929; x_wconf 88' lang='lat' dir='ltr'><strong>absurdum</strong></span> <span class='ocrx_word' id='word_1_204' title='bbox 950 2866 1033 2928; x_wconf 89' lang='lat' dir='ltr'><strong>sit</strong></span> <span class='ocrx_word' id='word_1_205' title='bbox 1077 2868 1276 2953; x_wconf 77' lang='lat' dir='ltr'><strong>magis</strong></span> <span class='ocrx_word' id='word_1_206' title='bbox 1324 2869 1509 2931; x_wconf 90' lang='lat' dir='ltr'><strong>etiam</strong></span> <span class='ocrx_word' id='word_1_207' title='bbox 1555 2872 1960 2955; x_wconf 82' lang='lat' dir='ltr'><strong>perspicitur,</strong></span> <span class='ocrx_word' id='word_1_208' title='bbox 2020 2870 2074 2933; x_wconf 88' lang='lat' dir='ltr'><strong>si</strong></span> <span class='ocrx_word' id='word_1_209' title='bbox 2123 2867 2388 2934; x_wconf 90' lang='lat' dir='ltr'><strong>eandem</strong></span> <span class='ocrx_word' id='word_1_210' title='bbox 2434 2890 2542 2957; x_wconf 86' lang='lat' dir='ltr'><strong>ge-</strong></span> 
     </span>
     <span class='ocr_line' id='line_1_25' title="bbox 328 2967 2541 3058; baseline 0.001 -25"><span class='ocrx_word' id='word_1_211' title='bbox 328 2967 596 3034; x_wconf 90' lang='lat' dir='ltr'><strong>nerandi</strong></span> <span class='ocrx_word' id='word_1_212' title='bbox 642 2971 953 3033; x_wconf 76' lang='lat' dir='ltr'><strong>rationem</strong></span> <span class='ocrx_word' id='word_1_213' title='bbox 984 2969 1064 3035; x_wconf 86' lang='lat' dir='ltr'><strong>ad</strong></span> <span class='ocrx_word' id='word_1_214' title='bbox 1097 2968 1462 3036; x_wconf 82' lang='lat' dir='ltr'><strong>dualitatem</strong></span> <span class='ocrx_word' id='word_1_215' title='bbox 1493 2974 1692 3058; x_wconf 82' lang='lat' dir='ltr'><strong>ipsam</strong></span> <span class='ocrx_word' id='word_1_216' title='bbox 1725 2972 2154 3048; x_wconf 79' lang='lat' dir='ltr'><strong>retulerimus3</strong></span> <span class='ocrx_word' id='word_1_217' title='bbox 2203 2994 2338 3038; x_wconf 88' lang='lat' dir='ltr'><strong>eam</strong></span> <span class='ocrx_word' id='word_1_218' title='bbox 2374 2976 2541 3037; x_wconf 89' lang='lat' dir='ltr'><strong>enim</strong></span> 
     </span>
     <span class='ocr_line' id='line_1_26' title="bbox 327 3071 2541 3164; baseline 0.002 -27"><span class='ocrx_word' id='word_1_219' title='bbox 327 3071 437 3138; x_wconf 79' lang='lat' dir='ltr'><strong>vel</strong></span> <span class='ocrx_word' id='word_1_220' title='bbox 479 3072 639 3138; x_wconf 88' lang='lat' dir='ltr'><strong>duas</strong></span> <span class='ocrx_word' id='word_1_221' title='bbox 686 3075 1016 3138; x_wconf 86' lang='lat' dir='ltr'><strong>continere</strong></span> <span class='ocrx_word' id='word_1_222' title='bbox 1061 3075 1335 3139; x_wconf 90' lang='lat' dir='ltr'><strong>unitates</strong></span> <span class='ocrx_word' id='word_1_223' title='bbox 1382 3085 1646 3160; x_wconf 88' lang='lat' dir='ltr'><strong>oportet</strong></span> <span class='ocrx_word' id='word_1_224' title='bbox 1681 3086 1939 3163; x_wconf 87' lang='lat' dir='ltr'><strong>praeter</strong></span> <span class='ocrx_word' id='word_1_225' title='bbox 1974 3080 2176 3164; x_wconf 84' lang='lat' dir='ltr'><strong>ipsam</strong></span> <span class='ocrx_word' id='word_1_226' title='bbox 2217 3080 2541 3156; x_wconf 84' lang='lat' dir='ltr'><strong>unitatem,</strong></span> 
     </span>
     <span class='ocr_line' id='line_1_27' title="bbox 329 3177 2542 3265; baseline 0.003 -25"><span class='ocrx_word' id='word_1_227' title='bbox 329 3177 434 3243; x_wconf 81' lang='lat' dir='ltr'><strong>vel</strong></span> <span class='ocrx_word' id='word_1_228' title='bbox 467 3179 885 3264; x_wconf 85' lang='lat' dir='ltr'><strong>compositam</strong></span> <span class='ocrx_word' id='word_1_229' title='bbox 918 3197 1057 3242; x_wconf 89' lang='lat' dir='ltr'><strong>esse</strong></span> <span class='ocrx_word' id='word_1_230' title='bbox 1089 3199 1162 3241; x_wconf 88' lang='lat' dir='ltr'><strong>ex</strong></span> <span class='ocrx_word' id='word_1_231' title='bbox 1194 3180 1332 3265; x_wconf 90' lang='lat' dir='ltr'><strong>ipsa</strong></span> <span class='ocrx_word' id='word_1_232' title='bbox 1362 3182 1607 3246; x_wconf 89' lang='lat' dir='ltr'><strong>unitate</strong></span> <span class='ocrx_word' id='word_1_233' title='bbox 1634 3180 1847 3247; x_wconf 86' lang='lat' dir='ltr'><strong>addita</strong></span> <span class='ocrx_word' id='word_1_234' title='bbox 1876 3184 2118 3248; x_wconf 83' lang='lat' dir='ltr'><strong>unitate</strong></span> <span class='ocrx_word' id='word_1_235' title='bbox 2150 3179 2368 3260; x_wconf 84' lang='lat' dir='ltr'><strong>altera,</strong></span> <span class='ocrx_word' id='word_1_236' title='bbox 2397 3182 2542 3261; x_wconf 69' lang='lat'><strong>⁶24,</strong></span> 
     </span>
     <span class='ocr_line' id='line_1_28' title="bbox 330 3282 2543 3373; baseline 0.003 -28"><span class='ocrx_word' id='word_1_237' title='bbox 330 3304 496 3368; x_wconf 88' lang='lat' dir='ltr'><strong>quae</strong></span> <span class='ocrx_word' id='word_1_238' title='bbox 539 3284 831 3345; x_wconf 90' lang='lat' dir='ltr'><strong>nimirum</strong></span> <span class='ocrx_word' id='word_1_239' title='bbox 868 3301 1000 3345; x_wconf 91' lang='lat' dir='ltr'><strong>non</strong></span> <span class='ocrx_word' id='word_1_240' title='bbox 1037 3285 1247 3366; x_wconf 86' lang='lat' dir='ltr'><strong>possit</strong></span> <span class='ocrx_word' id='word_1_241' title='bbox 1281 3305 1354 3346; x_wconf 81' lang='lat' dir='ltr'><strong>ex</strong></span> <span class='ocrx_word' id='word_1_242' title='bbox 1391 3282 1695 3350; x_wconf 81' lang='lat' dir='ltr'><strong>dualitate</strong></span> <span class='ocrx_word' id='word_1_243' title='bbox 1730 3285 2084 3363; x_wconf 82' lang='lat' dir='ltr'><strong>indefinita,</strong></span> <span class='ocrx_word' id='word_1_244' title='bbox 2128 3297 2355 3373; x_wconf 85' lang='lat' dir='ltr'><strong>utpote</strong></span> <span class='ocrx_word' id='word_1_245' title='bbox 2388 3286 2543 3351; x_wconf 82' lang='grc' dir='ltr'><em>δυο-</em></span> 
     </span>
     <span class='ocr_line' id='line_1_29' title="bbox 327 3384 2543 3473; baseline 0.001 -22"><span class='ocrx_word' id='word_1_246' title='bbox 327 3385 517 3468; x_wconf 77' lang='grc' dir='ltr'><strong><em>ποιῷ,</em></strong></span> <span class='ocrx_word' id='word_1_247' title='bbox 561 3387 904 3471; x_wconf 84' lang='lat' dir='ltr'><strong>progenita</strong></span> <span class='ocrx_word' id='word_1_248' title='bbox 949 3384 1092 3462; x_wconf 91' lang='lat' dir='ltr'><strong>dici,</strong></span> <span class='ocrx_word' id='word_1_249' title='bbox 1130 3386 1276 3465; x_wconf 73' lang='lat'><strong>⁶25,</strong></span> <span class='ocrx_word' id='word_1_250' title='bbox 1310 3386 1416 3451; x_wconf 81' lang='lat'><strong>26.</strong></span> <span class='ocrx_word' id='word_1_251' title='bbox 1494 3389 1705 3473; x_wconf 82' lang='lat' dir='ltr'><strong>Atque</strong></span> <span class='ocrx_word' id='word_1_252' title='bbox 1738 3393 2003 3454; x_wconf 87' lang='lat' dir='ltr'><strong>omnino</strong></span> <span class='ocrx_word' id='word_1_253' title='bbox 2036 3393 2411 3454; x_wconf 77' lang='lat' dir='ltr'><strong>revertimur</strong></span> <span class='ocrx_word' id='word_1_254' title='bbox 2439 3390 2543 3453; x_wconf 89' lang='lat' dir='ltr'><strong>hic</strong></span> 
     </span>
     <span class='ocr_line' id='line_1_30' title="bbox 331 3485 2542 3572; baseline 0.001 -19"><span class='ocrx_word' id='word_1_255' title='bbox 331 3487 415 3553; x_wconf 84' lang='lat' dir='ltr'><strong>ad</strong></span> <span class='ocrx_word' id='word_1_256' title='bbox 470 3487 616 3551; x_wconf 88' lang='lat' dir='ltr'><strong>illas</strong></span> <span class='ocrx_word' id='word_1_257' title='bbox 673 3486 912 3551; x_wconf 88' lang='lat' dir='ltr'><strong>ideales</strong></span> <span class='ocrx_word' id='word_1_258' title='bbox 970 3485 1201 3552; x_wconf 86' lang='lat' dir='ltr'><strong>alteras</strong></span> <span class='ocrx_word' id='word_1_259' title='bbox 1260 3501 1325 3554; x_wconf 86' lang='lat' dir='ltr'><strong>et</strong></span> <span class='ocrx_word' id='word_1_260' title='bbox 1379 3494 1598 3555; x_wconf 87' lang='lat' dir='ltr'><strong>tertias</strong></span> <span class='ocrx_word' id='word_1_261' title='bbox 1655 3489 1990 3558; x_wconf 88' lang='lat' dir='ltr'><strong>dualitates</strong></span> <span class='ocrx_word' id='word_1_262' title='bbox 2046 3494 2359 3559; x_wconf 88' lang='lat' dir='ltr'><strong>trinitates</strong></span> <span class='ocrx_word' id='word_1_263' title='bbox 2403 3502 2542 3572; x_wconf 69' lang='lat' dir='ltr'><strong>cet„</strong></span> 
     </span>
     <span class='ocr_line' id='line_1_31' title="bbox 332 3590 2544 3681; baseline 0.002 -25"><span class='ocrx_word' id='word_1_264' title='bbox 332 3611 497 3679; x_wconf 87' lang='lat' dir='ltr'><strong>quae</strong></span> <span class='ocrx_word' id='word_1_265' title='bbox 541 3601 796 3677; x_wconf 87' lang='lat' dir='ltr'><strong>praeter</strong></span> <span class='ocrx_word' id='word_1_266' title='bbox 838 3594 1034 3677; x_wconf 84' lang='lat' dir='ltr'><strong>ipsam</strong></span> <span class='ocrx_word' id='word_1_267' title='bbox 1081 3590 1445 3656; x_wconf 86' lang='lat' dir='ltr'><strong>dualitatem</strong></span> <span class='ocrx_word' id='word_1_268' title='bbox 1494 3604 1560 3658; x_wconf 89' lang='lat' dir='ltr'><strong>et</strong></span> <span class='ocrx_word' id='word_1_269' title='bbox 1602 3596 1944 3660; x_wconf 83' lang='lat' dir='ltr'><strong>trinitatem</strong></span> <span class='ocrx_word' id='word_1_270' title='bbox 1981 3598 2124 3672; x_wconf 92' lang='lat' dir='ltr'><strong>sint,</strong></span> <span class='ocrx_word' id='word_1_271' title='bbox 2168 3598 2409 3681; x_wconf 87' lang='lat' dir='ltr'><strong>pariter</strong></span> <span class='ocrx_word' id='word_1_272' title='bbox 2451 3607 2544 3660; x_wconf 88' lang='lat' dir='ltr'><strong>at·</strong></span> 
     </span>
     <span class='ocr_line' id='line_1_32' title="bbox 331 3694 2540 3788; baseline 0.001 -27"><span class='ocrx_word' id='word_1_273' title='bbox 331 3718 458 3784; x_wconf 84' lang='lat' dir='ltr'><strong>que</strong></span> <span class='ocrx_word' id='word_1_274' title='bbox 500 3698 564 3761; x_wconf 91' lang='lat' dir='ltr'><strong>in</strong></span> <span class='ocrx_word' id='word_1_275' title='bbox 613 3694 810 3760; x_wconf 85' lang='lat' dir='ltr'><strong>altera</strong></span> <span class='ocrx_word' id='word_1_276' title='bbox 857 3698 1425 3784; x_wconf 84' lang='lat' dir='ltr'><strong>argumentatione,</strong></span> <span class='ocrx_word' id='word_1_277' title='bbox 1471 3719 1662 3782; x_wconf 89' lang='lat' dir='ltr'><strong>quum</strong></span> <span class='ocrx_word' id='word_1_278' title='bbox 1706 3707 1918 3763; x_wconf 91' lang='lat' dir='ltr'><strong>tamen</strong></span> <span class='ocrx_word' id='word_1_279' title='bbox 1960 3710 2276 3788; x_wconf 81' lang='lat' dir='ltr'><strong>repugnet</strong></span> <span class='ocrx_word' id='word_1_280' title='bbox 2316 3697 2540 3765; x_wconf 80' lang='lat' dir='ltr'><strong>idealis</strong></span> 
     </span>
    </p>
   </div>
   <div class='ocr_carea' id='block_1_3' title="bbox 329 3799 2542 3984">
    <p class='ocr_par' dir='ltr' id='par_1_3' title="bbox 329 3799 2542 3984">
     <span class='ocr_line' id='line_1_33' title="bbox 329 3799 2542 3887; baseline 0.001 -21"><span class='ocrx_word' id='word_1_281' title='bbox 329 3804 578 3868; x_wconf 86' lang='lat' dir='ltr'><strong>numeri</strong></span> <span class='ocrx_word' id='word_1_282' title='bbox 624 3813 918 3878; x_wconf 84' lang='lat' dir='ltr'><strong>naturae,</strong></span> <span class='ocrx_word' id='word_1_283' title='bbox 978 3805 1031 3865; x_wconf 89' lang='lat' dir='ltr'><strong>si</strong></span> <span class='ocrx_word' id='word_1_284' title='bbox 1074 3799 1355 3886; x_wconf 87' lang='lat' dir='ltr'><strong>plures</strong></span> <span class='ocrx_word' id='word_1_285' title='bbox 1403 3811 1728 3887; x_wconf 85' lang='lat' dir='ltr'><strong>ponantur</strong></span> <span class='ocrx_word' id='word_1_286' title='bbox 1769 3800 2107 3868; x_wconf 89' lang='lat' dir='ltr'><strong>dualitates</strong></span> <span class='ocrx_word' id='word_1_287' title='bbox 2150 3802 2257 3868; x_wconf 81' lang='lat' dir='ltr'><strong>vel</strong></span> <span class='ocrx_word' id='word_1_288' title='bbox 2301 3805 2542 3869; x_wconf 75' lang='lat' dir='ltr'><strong>trinita-</strong></span> 
     </span>
     <span class='ocr_line' id='line_1_34' title="bbox 333 3903 1384 3984; baseline -0.004 -13"><span class='ocrx_word' id='word_1_289' title='bbox 333 3916 445 3984; x_wconf 89' lang='lat' dir='ltr'><strong>tes,</strong></span> <span class='ocrx_word' id='word_1_290' title='bbox 493 3907 570 3971; x_wconf 86' lang='lat' dir='ltr'><strong>cf.</strong></span> <span class='ocrx_word' id='word_1_291' title='bbox 622 3908 829 3973; x_wconf 75' lang='lat' dir='ltr'><strong>losla</strong></span> <span class='ocrx_word' id='word_1_292' title='bbox 870 3907 973 3969; x_wconf 85' lang='lat'><strong>10.</strong></span> <span class='ocrx_word' id='word_1_293' title='bbox 1033 3903 1239 3969; x_wconf 59' lang='lat'><strong>10825»</strong></span> <span class='ocrx_word' id='word_1_294' title='bbox 1276 3905 1384 3969; x_wconf 76' lang='lat'><strong>24.</strong></span> 
     </span>
    </p>
   </div>
   <div class='ocr_carea' id='block_1_4' title="bbox 333 4099 2543 4400">
    <p class='ocr_par' dir='ltr' id='par_1_4' title="bbox 333 4099 2543 4400">
     <span class='ocr_line' id='line_1_35' title="bbox 468 4099 2543 4186; baseline 0 -20"><span class='ocrx_word' id='word_1_295' title='bbox 468 4104 545 4182; x_wconf 90' lang='lat' dir='ltr'><strong>c)</strong></span> <span class='ocrx_word' id='word_1_296' title='bbox 592 4099 679 4167; x_wconf 71' lang='lat' dir='ltr'><strong>Si</strong></span> <span class='ocrx_word' id='word_1_297' title='bbox 718 4100 974 4165; x_wconf 64' lang='lat' dir='ltr'><strong>numer-i</strong></span> <span class='ocrx_word' id='word_1_298' title='bbox 1006 4107 1343 4185; x_wconf 61' lang='lat' dir='ltr'><strong>pennam</strong></span> <span class='ocrx_word' id='word_1_299' title='bbox 1384 4099 1923 4169; x_wconf 63' lang='lat' dir='ltr'><strong>inmobiles</strong></span> <span class='ocrx_word' id='word_1_300' title='bbox 1962 4104 2094 4186; x_wconf 73' lang='lat' dir='ltr'><strong>ita,</strong></span> <span class='ocrx_word' id='word_1_301' title='bbox 2138 4110 2212 4168; x_wconf 71' lang='lat' dir='ltr'><strong>ut</strong></span> <span class='ocrx_word' id='word_1_302' title='bbox 2253 4100 2543 4169; x_wconf 54' lang='lat' dir='ltr'><strong>ebdom</strong></span> 
     </span>
     <span class='ocr_line' id='line_1_36' title="bbox 334 4204 2543 4290; baseline 0 -20"><span class='ocrx_word' id='word_1_303' title='bbox 334 4208 590 4270; x_wconf 57' lang='lat' dir='ltr'><strong>tumenti</strong></span> <span class='ocrx_word' id='word_1_304' title='bbox 621 4206 907 4270; x_wconf 67' lang='lat' dir='ltr'><strong>amitam</strong></span> <span class='ocrx_word' id='word_1_305' title='bbox 940 4204 1228 4270; x_wconf 73' lang='lat' dir='ltr'><strong>eiusdem</strong></span> <span class='ocrx_word' id='word_1_306' title='bbox 1260 4207 1395 4271; x_wconf 72' lang='lat' dir='ltr'><strong>sint</strong></span> <span class='ocrx_word' id='word_1_307' title='bbox 1420 4208 1714 4290; x_wconf 65' lang='lat' dir='ltr'><strong>generis,</strong></span> <span class='ocrx_word' id='word_1_308' title='bbox 1749 4206 2153 4273; x_wconf 72' lang='lat' dir='ltr'><strong>diversorum</strong></span> <span class='ocrx_word' id='word_1_309' title='bbox 2182 4216 2399 4273; x_wconf 70' lang='lat' dir='ltr'><strong>auten·</strong></span> <span class='ocrx_word' id='word_1_310' title='bbox 2422 4227 2543 4270; x_wconf 72' lang='lat' dir='ltr'><strong>nu-</strong></span> 
     </span>
     <span class='ocr_line' id='line_1_37' title="bbox 333 4309 2521 4400; baseline 0 -25"><span class='ocrx_word' id='word_1_311' title='bbox 333 4331 659 4377; x_wconf 64' lang='lat' dir='ltr'><strong>merorum</strong></span> <span class='ocrx_word' id='word_1_312' title='bbox 686 4310 972 4374; x_wconf 66' lang='lat' dir='ltr'><strong>mutares</strong></span> <span class='ocrx_word' id='word_1_313' title='bbox 1001 4312 1172 4376; x_wconf 72' lang='lat' dir='ltr'><strong>inter</strong></span> <span class='ocrx_word' id='word_1_314' title='bbox 1197 4332 1271 4375; x_wconf 78' lang='lat' dir='ltr'><strong>ae</strong></span> <span class='ocrx_word' id='word_1_315' title='bbox 1299 4309 1647 4400; x_wconf 58' lang='lat' dir='ltr'><strong>differant,</strong></span> <span class='ocrx_word' id='word_1_316' title='bbox 1676 4312 1877 4378; x_wconf 73' lang='lat' dir='ltr'>loelb</span> <span class='ocrx_word' id='word_1_317' title='bbox 1894 4312 2158 4378; x_wconf 80' lang='lat'><strong>35-8.</strong></span> <span class='ocrx_word' id='word_1_318' title='bbox 2184 4309 2521 4376; x_wconf 68' lang='grc'>1083120.</span> 
     </span>
    </p>
   </div>
   <div class='ocr_carea' id='block_1_5' title="bbox 469 4430 2542 4518">
    <p class='ocr_par' dir='ltr' id='par_1_5' title="bbox 469 4430 2542 4518">
     <span class='ocr_line' id='line_1_38' title="bbox 469 4430 2542 4518; baseline -0 -24"><span class='ocrx_word' id='word_1_319' title='bbox 469 4432 550 4509; x_wconf 93' lang='grc'><strong>1)</strong></span> <span class='ocrx_word' id='word_1_320' title='bbox 599 4430 810 4496; x_wconf 60' lang='grc'>108211</span> <span class='ocrx_word' id='word_1_321' title='bbox 850 4431 1108 4496; x_wconf 75' lang='lat'>1-15.</span> <span class='ocrx_word' id='word_1_322' title='bbox 1199 4431 1380 4494; x_wconf 85' lang='lat' dir='ltr'><strong>Hanc</strong></span> <span class='ocrx_word' id='word_1_323' title='bbox 1422 4431 1817 4518; x_wconf 74' lang='lat' dir='ltr'><strong>hypothesin</strong></span> <span class='ocrx_word' id='word_1_324' title='bbox 1864 4450 2003 4494; x_wconf 90' lang='lat' dir='ltr'><strong>cum</strong></span> <span class='ocrx_word' id='word_1_325' title='bbox 2051 4450 2142 4506; x_wconf 89' lang='lat' dir='ltr'><strong>ea,</strong></span> <span class='ocrx_word' id='word_1_326' title='bbox 2187 4450 2363 4514; x_wconf 26' lang='lat' dir='ltr'><strong>quae·</strong></span> <span class='ocrx_word' id='word_1_327' title='bbox 2394 4450 2542 4517; x_wconf 89' lang='lat' dir='ltr'><strong>pro-</strong></span> 
     </span>
    </p>
   </div>
   <div class='ocr_carea' id='block_1_6' title="bbox 163 4530 2544 4620">
    <p class='ocr_par' dir='ltr' id='par_1_6' title="bbox 163 4530 2544 4620">
     <span class='ocr_line' id='line_1_39' title="bbox 163 4530 2544 4620; baseline -0 -21"><span class='ocrx_word' id='word_1_328' title='bbox 163 4580 196 4589; x_wconf 88' lang='lat'>-</span> <span class='ocrx_word' id='word_1_329' title='bbox 335 4535 498 4599; x_wconf 82' lang='lat' dir='ltr'><strong>xime</strong></span> <span class='ocrx_word' id='word_1_330' title='bbox 543 4543 644 4599; x_wconf 89' lang='lat' dir='ltr'><strong>est</strong></span> <span class='ocrx_word' id='word_1_331' title='bbox 687 4550 963 4613; x_wconf 76' lang='lat' dir='ltr'><strong>excussa,</strong></span> <span class='ocrx_word' id='word_1_332' title='bbox 1009 4537 1095 4600; x_wconf 88' lang='lat' dir='ltr'><strong>ita</strong></span> <span class='ocrx_word' id='word_1_333' title='bbox 1142 4530 1580 4620; x_wconf 71' lang='lat' dir='ltr'><strong>complicatam</strong></span> <span class='ocrx_word' id='word_1_334' title='bbox 1630 4556 1775 4600; x_wconf 86' lang='lat' dir='ltr'><strong>esse</strong></span> <span class='ocrx_word' id='word_1_335' title='bbox 1815 4533 2236 4613; x_wconf 85' lang='lat' dir='ltr'><strong>demonstrat,</strong></span> <span class='ocrx_word' id='word_1_336' title='bbox 2282 4542 2355 4598; x_wconf 86' lang='lat' dir='ltr'><strong>ut</strong></span> <span class='ocrx_word' id='word_1_337' title='bbox 2389 4531 2544 4598; x_wconf 80' lang='lat' dir='ltr'><strong>licet</strong></span> 
     </span>
    </p>
   </div>
  </div>
 </body>
</html>
