3109 5175
1185 370 1261 445 B
1307 368 1377 443 4.
1452 368 1683 447 999α.
2395 370 2531 447 156

450 545 624 611 9994
661 545 746 613 14
789 538 1039 610 πάλιν
1085 542 1169 611 δὲ
1215 580 1297 599 --
1343 546 1433 611 23
1475 549 1691 629 γένη.
1770 544 2053 613 Probata
2097 546 2392 615 antithesi
2437 569 2533 615 re-

319 651 593 715 vertitur
619 646 998 717 Aristoteles
1044 647 1126 713 ad
1173 647 1670 719 confirmandam
1716 649 1939 726 thesin,
1982 648 2211 717 eodem
2248 672 2402 719 uena
2438 674 2532 717 ar·-

317 760 631 839 gementu
667 774 743 819 ac
777 772 967 837 supra
1003 751 1166 817 998⁵
1193 753 1294 827 17,
1339 761 1413 819 ut
1458 774 1533 817 ex
1572 751 1922 821 universali
1964 774 2269 840 generum
2308 765 2529 821 natura

322 855 696 943 dignitatem
741 857 1036 941 principii
1078 865 1346 941 repetat.

456 958 758 1029 Ceterum
788 959 948 1024 haec
975 962 1264 1044 quaestio
1299 956 1520 1025 eadem
1551 957 1635 1022 de
1666 960 1756 1042 τῷ
1786 960 1850 1024 τί
1884 949 1969 1040 ἦν
2005 955 2177 1027 εἶναι·
2208 971 2271 1025 et
2304 958 2386 1027 de
2421 981 2531 1048 ge-

319 1082 478 1129 nere
508 1062 940 1149 disputatione
970 1061 1117 1131 libri
1147 1063 1210 1129 Z
1233 1060 1522 1140 solvitur,
1566 1082 1688 1149 qua
1724 1065 2046 1149 proximae
2073 1066 2455 1151 superiores.

1219 1297 1448 1373 CAP.
1504 1299 1631 1372 IV.

790 1457 1106 1536 Quaestio
1151 1469 1399 1527 octava.
1488 1459 1658 1523 9990:
1699 1458 1787 1523 24
1810 1496 1896 1508 —
1921 1459 2072 1527 1³24.

453 1574 651 1660 Quod
684 1579 806 1643 iam
837 1581 1084 1663 quaerit
1112 1599 1266 1647 num
1295 1575 1446 1662 quid
1476 1579 1559 1643 sit
1587 1587 1838 1664 praeter
1867 1599 1969 1649 res
2000 1576 2284 1666 singulas
2308 1600 2530 1659 necne,

316 1675 386 1742 id
432 1687 558 1743 tam
605 1691 742 1747 arte
780 1681 1083 1749 cohaeret
1124 1704 1264 1749 eum
1311 1683 1686 1766 quaestione
1732 1685 2133 1768 quinta„epia
2160 1682 2529 1771 indagatum

320 1792 448 1862 est,
502 1794 706 1849 utrum
759 1789 949 1853 unice
987 1785 1292 1857 sensibile
1321 1806 1548 1857 rernm
1588 1806 1795 1877 genus
1838 1795 2042 1853 exstet
2082 1806 2165 1853 an
2209 1784 2384 1855 aliud
2426 1786 2530 1855 vel

317 1885 444 1953 alia
474 1886 962 1957 substantiarum
1007 1909 1250 1977 genera
1281 1899 1627 1975 praeterea.
1645 1888 1947 1974 ponenda
1977 1891 2120 1966 sint,
2166 1899 2237 1954 nt
2258 1900 2530 1977 utraque

320 1990 553 2056 eodem
596 1992 808 2067 redire
852 1991 1162 2059 videatur.
1253 1994 1352 2059 Ac
1391 2013 1546 2057 sane
1590 2013 1659 2057 re
1702 2012 1839 2061 non
1888 1991 2153 2059 multum
2204 1992 2529 2071 differtus

320 2093 628 2163 differunt
680 2107 890 2164 autem
947 2093 1292 2181 quaerendi
1345 2107 1536 2181 atque
1580 2092 2011 2183 investigandi
2056 2098 2324 2165 ratione.
2412 2096 2530 2165 m·

323 2201 490 2263 enim
539 2204 826 2286 quaestio
873 2202 1183 2286 originem
1217 2198 1405 2281 „duxit
1449 2220 1486 2264 e
1526 2197 1775 2285 placitis
1814 2201 2213 2285 superiorum
2249 2198 2533 2285 philon»

321 2302 619 2389 phorum:
676 2325 884 2371 rerum
944 2323 1182 2392 genera
1237 2302 1344 2371 alii
1398 2300 1771 2388 philosophi
1814 2302 1937 2369 alia
1983 2313 2363 2381 statuerant,
2422 2303 2531 2368 alii

320 2410 775 2490 acquieverant
817 2410 884 2475 in
929 2406 1215 2473 sensibili
1263 2428 1469 2475 rerum
1516 2427 1774 2493 genere,
1819 2406 1928 2471 alii
1962 2405 2171 2473 ideale
2202 2418 2267 2472 et
2294 2407 2532 2475 mathe-

319 2512 614 2602 maticum
657 2510 1066 2587 addidet-ann
1125 2511 1351 2577 horum
1401 2513 1523 2577 utri
1569 2516 1802 2581 rectius
1846 2513 2186 2578 statuerint
2226 2533 2533 2598 quaer-en,-

322 2613 471 2680 dum
530 2625 657 2693 est,
714 2637 880 2701 qnae
929 2618 1220 2701 quaestio
1265 2628 1336 2684 nt
1379 2626 1477 2680 est
1521 2625 1661 2682 orta
1707 2637 1780 2684 ex
1826 2613 2201 2701 placitorum
2245 2626 2529 2680 veterum

322 2721 830 2804 comparatione,
885 2723 975 2786 ita
1032 2720 1254 2786 haeret
1295 2721 1376 2786 -in
1421 2720 1502 2786 iis
1549 2718 2000 2792 examinandis.
2088 2717 2278 2808 Quae
2321 2729 2529 2788 antem

320 2822 450 2888 hoc
492 2821 642 2888 loco
689 2825 899 2910 agitur
943 2824 1249 2908 quaestio,
1298 2842 1373 2890 ea
1416 2826 1685 2908 repetita
1732 2833 1832 2889 est
1876 2845 1950 2892 ex
1994 2826 2133 2909 ipsa
2176 2843 2387 2890 rernm
2422 2844 2533 2888 na-

323 2934 496 3002 tura3
558 2946 698 2992 esse
760 2929 927 2996 enim
981 2924 1318 2992 sensibiles
1362 2946 1468 2990 res
1512 2949 1631 3013 per
1672 2949 1745 2994 se
1791 2926 2187 2996 manifestum
2235 2936 2360 3001 est;
2413 2926 2531 2992 sed

322 3029 545 3096 harum
600 3051 807 3095 rerum
865 3034 1003 3094 sive
1060 3031 1348 3116 cognitio
1394 3032 1530 3096 sive
1575 3033 1712 3118 ipsa
1758 3034 2119 3100 exsistentia
2164 3051 2313 3098 num
2358 3028 2532 3098 aliud

325 3132 478 3219 quid
536 3142 793 3220 praeter
847 3135 1018 3218 ipsas
1072 3141 1147 3197 ut
1201 3154 1272 3197 re
1317 3154 1394 3197 ac
1435 3139 1702 3204 veritate
1748 3158 1889 3202 esse
1933 3146 2210 3222 ponatur
2252 3137 2532 3220 requirat

321 3258 548 3316 necne,
591 3240 715 3301 iam
760 3235 1061 3322 disputat.
1128 3236 1343 3321 Atque
1380 3237 1500 3306 hac
1533 3241 1789 3325 quidem
1825 3244 1893 3305 in
1932 3240 2361 3326 disputatione
2397 3258 2532 3304 non

322 3345 390 3408 in
435 3340 826 3410 aestimanda
868 3340 1156 3408 idearum
1197 3338 1486 3408 doctrina
1529 3346 1886 3427 acquiescit,
1930 3341 2046 3410 sed
2090 3343 2171 3408 ad
2209 3345 2530 3410 materian

325 3457 392 3510 et
447 3445 712 3509 formam
757 3449 1191 3529 quaestionem
1239 3442 1516 3523 dedum't,
1562 3466 1773 3532 neque
1825 3467 1905 3514 eo
1951 3445 2244 3532 procedit
2287 3445 2530 3523 ordine,

323 3558 397 3618 ut
436 3552 703 3635 primum
749 3547 1085 3614 confirmet
1128 3546 1360 3616 deinde
1411 3547 1673 3628 refutet,
1727 3549 1842 3620 sed
1898 3549 2223 3635 aliquanto
2282 3548 2532 3634 perple-

323 3656 461 3718 xius
505 3676 541 3722 a
588 3651 1029 3722 confirmando
1077 3651 1160 3720 ad
1203 3652 1602 3722 refutandum
1648 3675 1724 3722 ac
1764 3656 2035 3720 vicissim
2083 3655 2325 3717 transit.

457 3756 557 3822 Ac
586 3760 850 3842 primum
882 3755 1154 3841 quidem,
1181 3758 1523 3835 024-29,
1560 3758 1892 3826 sensibiles
1921 3778 2028 3822 res
2058 3758 2355 3841 qnoniam
2383 3767 2534 3824 sunt

325 3859 633 3937 insuetae,
677 3859 994 3934 infinitum
1039 3869 1248 3928 antem
1287 3862 1633 3949 cogitando
1673 3857 2129 3949 comprehendi
2168 3863 2404 3946 nequit,
2448 3861 2530 3926 cf-

325 3988 371 4027 α
403 3965 467 4031 2.
497 3965 657 4030 994ῠ
681 3965 785 4041 30,
831 3961 1002 4030 effici
1046 3963 1314 4042 videtur,
1358 3969 1411 4029 si
1451 3965 1600 4032 illas
1644 3969 1954 4055 cognosci
1996 3964 2308 4043 volumus,
2350 3976 2427 4030 nt
2450 3968 2533 4030 sit

327 4066 568 4152 aliquid
614 4079 867 4154 praeter
911 4088 1038 4134 0³⁶·
1118 4067 1480 4139 Aristotelis
1526 4069 1611 4137 de
1648 4071 1771 4138 hac
1816 4073 2189 4156 quaestione
2232 4067 2530 4136 iudicium

329 4175 534 4256 repeti
577 4181 794 4257 potest
837 4190 912 4236 ex
959 4174 1078 4236 An.
1126 4183 1296 4258 posti
1337 4174 1368 4242 1
1419 4176 1520 4240 11.
1567 4176 1688 4240 77⁶
1729 4176 1800 4240 5:
1859 4169 1995 4250 εἴδη
2039 4175 2160 4255 μὲν
2200 4162 2321 4238 οὖν
2364 4168 2533 4239 εἶναι

327 4269 371 4353 ἢ
417 4279 486 4340 ἓν
528 4298 594 4339 τι
633 4268 860 4360 παρὰ
903 4267 997 4340 τὰ
1039 4275 1302 4348 πολλὰ
1345 4274 1466 4344 οὐκ
1509 4273 1797 4359 ἀνάγκη,
1855 4279 1911 4340 εὶ
1958 4272 2288 4355 ἀπόδειξις
2331 4278 2531 4356 ἔσται,

328 4373 498 4442 εἶναι
551 4383 780 4463 μέντοι
834 4379 905 4443 ἓν
959 4376 1164 4446 κατὰ
1212 4380 1536 4452 πολλῶν
1580 4378 1837 4460 ἀληθὲς
1880 4384 2080 4446 εἰπεῖν
2122 4375 2396 4464 ἀνάγκη.
2443 4415 2526 4430 --

329 4481 633 4552 Ceterum
693 4482 1000 4568 apodosis
1057 4486 1377 4552 enunciari
1434 4507 1622 4570 quum
1682 4482 1996 4552 ordienda
2050 4487 2136 4550 sit
2192 4505 2229 4547 a
2285 4486 2417 4547 τῶν
2461 4480 2522 4546 δ’

329 4581 645 4671 ἀπείρων,
699 4586 1069 4673 particulam
1127 4584 1186 4653 δ’
1237 4586 1634 4654 retinendam
1695 4610 1836 4654 esse
1891 4609 2025 4653 non
2076 4609 2335 4675 possum
2380 4586 2530 4650 mihi
