3109 5175
545 366 587 439 4
646 475 655 482 „

544 563 669 627 que
708 541 827 620 τῆς
869 534 1128 624 πρώτης
1160 537 1568 628 φιλοσοφίας
1598 541 1857 604 nomine
1887 537 2225 627 significat.
2288 537 2369 602 cf.
2400 537 2592 624 Phys.
2626 538 2656 603 1
2685 540 2748 605 9.

550 645 711 709 192⁶
753 643 870 709 34:
926 643 1074 725 περὶ
1119 641 1188 706 δὲ
1232 643 1351 721 τῆς
1392 634 1564 705 κατα“
1609 635 1687 706 τὸ
1735 639 1905 718 εἶδος
1948 638 2170 726 ἀρχῆς,
2214 636 2497 722 πότερον
2537 643 2661 725 μία
2706 640 2749 721 ἢ

543 748 786 812 πολλαὶ
827 746 938 809 καὶ
982 745 1082 820 τίς
1124 736 1168 823 ἦ
1212 746 1383 820 τίνες
1427 745 1569 822 εἶσί,
1614 740 1698 809 δι’
1736 741 2073 828 ἀκριβείας
2114 747 2233 824 τῆς
2267 739 2527 829 πρώτης
2555 746 2747 835 φιλο·

545 854 792 938 σοφίας
834 849 1025 935 ἔργον
1063 849 1202 912 ἐστὶ
1231 847 1535 930 διορίσαι,
1582 843 1747 912 ὥστε
1778 852 1866 924 εὶς
1895 852 2142 914 ἐκεῖνον
2171 840 2291 911 τὸν
2317 840 2551 932 καιρὸν
2579 844 2748 912 ἀπο-

544 954 815 1018 κείσθω.
885 952 945 1015 ll
978 954 1040 1016 2.
1077 951 1236 1016 194⁶
1268 952 1380 1015 1-1:
1424 951 1562 1027 πῶς
1606 947 1663 1015 δ’
1703 952 1829 1035 ἔχει
1870 944 1947 1015 τὸ
1986 944 2314 1038 χωριστὸν
2348 952 2458 1015 καὶ
2490 952 2556 1015 τί
2595 956 2745 1027 ἐστι,

546 1057 954 1147 φιλοσοφίας
981 1056 1099 1133 τῆς
1126 1049 1386 1138 πρώτης
1416 1055 1705 1141 διορίσαι
1733 1056 1943 1139 ἔργον.
2006 1053 2087 1119 de
2110 1053 2324 1120 Coelo
2349 1055 2460 1118 18.
2492 1056 2652 1120 277b
2674 1057 2742 1119 9:

543 1163 638 1226 ἔτι
679 1161 750 1225 δὲ
794 1161 906 1224 καὶ
951 1155 1061 1223 διὰ
1107 1159 1237 1222 τῶν
1280 1160 1350 1221 ὲκ
1394 1158 1513 1237 τῆς
1555 1152 1816 1244 πρώτης
1860 1160 2267 1248 φιλοσοφίας
2320 1152 2536 1240 λόγων
2579 1158 2746 1242 δειχ-

543 1265 706 1343 θείη
751 1256 838 1327 ἄν
881 1266 1029 1341 (int.
1079 1257 1182 1327 ὅτι
1225 1256 1315 1336 εἷς
1361 1257 1398 1324 ὁ
1444 1254 1694 1344 κόσμος
1737 1263 1914 1328 ἐστίν
1960 1260 2176 1327 Schol.
2210 1261 2377 1326 486⁶
2407 1262 2743 1343 28—35).

544 1364 627 1431 de
657 1386 802 1453 gen.
838 1375 902 1431 et
930 1372 1210 1451 corrupt.
1242 1363 1271 1426 1
1299 1365 1361 1429 3.
1392 1364 1563 1429 3180
1595 1366 1665 1428 5:
1720 1360 1971 1429 τούτων
2015 1365 2083 1429 δὲ
2120 1364 2268 1449 περὶ
2302 1365 2423 1448 μὲν
2451 1365 2571 1443 τῆς
2604 1361 2746 1428 ἀκι-

538 1463 745 1554 Ινήτου
796 1466 1008 1555 ἀρχῆς
1060 1469 1178 1547 τῆς
1221 1470 1448 1554 ἑτέρας
1487 1468 1603 1532 καὶ
1641 1471 1968 1556 προτέρας
2011 1467 2244 1533 διελεῖν
2288 1470 2427 1533 ἐστὶ
2471 1468 2743 1556 φιλοσο-

542 1575 705 1662 φίας
749 1573 942 1656 ἕργον
969 1573 1039 1654 ¹).
1108 1569 1355 1637 Eodem
1396 1573 1642 1658 primae
1685 1571 2130 1658 philosophiae
2161 1574 2422 1636 nomine
2454 1593 2591 1636 eam
2622 1569 2745 1635 dis—

539 1779 669 1846 bris
708 1778 1127 1867 significatam
1163 1776 1447 1844 videmus
1478 1777 1546 1843 E
1571 1781 1629 1844 1.
1664 1781 1873 1845 102&
1907 1781 2008 1856 16,
2037 1780 2140 1857 24,
2169 1779 2276 1842 30.
2343 1779 2524 1866 Haec
2547 1780 2745 1863 ipsius

539 1881 906 1950 Aristotelis
964 1883 1325 1947 testimonia
1381 1903 1517 1948 non
1574 1882 1869 1950 videntur
1912 1904 1992 1948 eo
2039 1885 2241 1947 everti
2285 1903 2505 1968 posse,
2567 1880 2744 1968 quod

539 1986 879 2074 aliquoties
938 1997 1464 2052 commentatores
1510 1985 1773 2066 Graeci,
1832 1997 1898 2051 et
1951 1989 2017 2051 in
2063 1990 2138 2051 iis
2183 1985 2434 2073 quidem
2480 1984 2744 2049 clarissi-

539 2113 675 2156 mus
712 2091 1298 2177 Metaphysicorum
1344 2092 1655 2175 interpres
1684 2089 2046 2158 Alexander
2073 2090 2609 2179 Aphrodisiensis‚
2652 2091 2743 2152 in-

539 2196 950 2280 scriptionem
1006 2188 1091 2257 τιὲ
1134 2187 1301 2276 μετὰ
1343 2185 1428 2256 τὰ
1472 2190 1721 2280 φυσικοί
1764 2197 1889 2280 ipsi
1934 2192 2262 2259 Aristoteli
2305 2192 2617 2270 tribuunt,
2662 2190 2739 2255 cf.

537 2298 717 2365 Alex.
750 2296 830 2362 ad
860 2295 926 2360 B
955 2298 1091 2360 init.
1122 2318 1183 2382 p.
1218 2297 1362 2373 127,
1391 2298 1503 2360 21:
1548 2294 1591 2376 ἡ
1624 2300 1746 2380 μὲν
1777 2297 2241 2380 ὲπιζητουμένη
2279 2292 2599 2379 ἐπιστήμη
2629 2296 2741 2359 καὶ

537 2404 927 2491 προκειμένη
970 2400 1090 2463 νῦν
1136 2394 1301 2478 αὐτή
1348 2403 1525 2466 ἐστιν
1570 2398 1611 2480 ἡ
1658 2403 1869 2490 σοφία
1912 2393 2006 2465 τέ’
2020 2403 2132 2466 καὶ
2164 2397 2205 2481 ἡ
2237 2394 2615 2483 θεολογική,
2659 2391 2743 2477 ἢν

535 2507 649 2570 καὶ
695 2498 890 2570 Μετὰ
946 2494 1029 2565 τοὶ
1082 2495 1338 2567 Φυσικὰ
1396 2500 1743 2594 ἐπιγράφει
1797 2505 1892 2589 τῷ
1946 2506 2022 2595 τῇ
2078 2499 2259 2583 τάξει
2313 2499 2453 2587 μετ’
2493 2504 2742 2581 ἐκείνην

538 2605 706 2676 εἶναι
747 2601 914 2694 πρὸς
957 2602 1152 2691 ἡμᾶς.
1242 2606 1412 2690 λέγει
1472 2609 1541 2673 δὲ
1602 2602 1809 2689 αὐτὴν
1865 2609 1976 2673 καὶ
2018 2603 2283 2694 πρώτην
2326 2607 2594 2696 σοφίαν,
2639 2600 2742 2672 ὅτι

535 2713 668 2777 τῶν
711 2705 984 2797 πρώτων
1027 2712 1135 2773 καὶ
1182 2707 1590 2792 τιμιωτάτων
1633 2713 1771 2778 ἐστὶ
1819 2707 2211 2798 θεωρητική.
2296 2704 2407 2775 διὰ
2451 2705 2529 2774 τὸ
2576 2701 2739 2775 αὐτὸ

537 2815 607 2881 δὲ
650 2815 844 2879 τοῦτο
889 2814 1002 2877 καὶ
1046 2809 1422 2896 θεολογική.
1480 2813 1570 2879 id.
1599 2839 1663 2901 p.
1694 2816 1842 2894 698,
1878 2818 1935 2879 l.
1996 2817 2284 2880 Ammon.
2315 2816 2381 2878 in
2413 2811 2556 2878 Cat.
2588 2815 2631 2877 6
2661 2813 2738 2877 Β.

536 2917 757 3004 Simpl.
804 2920 868 2981 in
914 2916 1107 3004 Phys.
1138 2919 1224 2982 56
1258 2920 1343 2993 B;
1391 2920 1677 2981 nimirum
1725 2928 2061 3004 postquam
2108 2940 2229 2983 usu
2273 2917 2541 2982 invaluit
2582 2916 2742 2981 haec

536 3022 844 3089 librorum
890 3023 1241 3106 inscriptio,
1285 3042 1502 3107 parum
1548 3019 1806 3087 solliciti
1852 3021 2024 3087 unde
2056 3026 2365 3110 originem
2395 3019 2627 3084 habeat
2655 3019 2735 3085 ad

535 3130 740 3213 ipsum
785 3122 1089 3188 librorum
1136 3135 1456 3189 auctorem
1503 3145 1639 3189 eam
1685 3125 1970 3191 referunt
2014 3138 2078 3191 et
2107 3125 2258 3213 quid
2290 3122 2611 3213 significet
2639 3146 2740 3190 ex·

504 3229 794 3317 plicant.
884 3229 1094 3292 Primo
1149 3238 1357 3293 autem
1402 3241 1553 3313 post
1598 3227 1751 3294 Chr.
1799 3251 1860 3294 n.
1918 3228 2137 3295 seculo
2195 3233 2483 3295 usitatam
2541 3228 2738 3293 fuisse

535 3334 1011 3419 inscriptionem
1067 3326 1150 3395 τὰ
1203 3326 1370 3416 μετὰ
1427 3327 1509 3396 τὰ
1573 3328 1820 3421 φυσικοί
1877 3333 2029 3399 inde
2090 3333 2491 3422 intelligitur,
2562 3331 2735 3419 quod

535 3435 899 3513 Nicolaum,
957 3436 1407 3524 philosophum
1452 3437 1970 3524 Peripateticum,
2022 3441 2419 3525 imperatoris
2467 3438 2736 3524 Augusti

536 3540 890 3628 aequalem,
944 3544 1269 3627 scripsisse
1329 3545 1683 3627 accepimus
1742 3542 2040 3627 θεωρίαν
2084 3544 2212 3606 τῶν
2257 3539 2737 3626 Ἀριστοτέλους

532 3641 699 3729 μετὰ
728 3640 811 3708 τὰ
842 3641 1105 3732 φυσικοὶ,
1152 3644 1229 3708 cf.
1263 3645 1447 3707 Arist.
1483 3653 1547 3708 et
1572 3644 1896 3729 Theophr.
1929 3644 2371 3729 Metaphysica
2405 3642 2504 3706 ed.
2538 3643 2736 3706 Bran-

536 3747 633 3811 dis
680 3771 739 3832 p.
771 3742 918 3825 323,
951 3748 1064 3821 18;
1114 3757 1177 3810 et
1221 3745 1464 3830 aliquot
1508 3751 1688 3810 annis
1735 3758 1885 3833 post
1912 3745 2287 3811 Plutarchus
2329 3749 2394 3809 in
2429 3748 2555 3811 vita
2589 3745 2733 3811 Ale-

535 3848 752 3916 xandri
801 3871 851 3912 c.
904 3851 941 3915 7
993 3848 1190 3915 libros
1239 3848 1633 3928 AristoteliS,
1692 3852 1797 3935 qui
1853 3860 2003 3915 sunt
2061 3849 2143 3914 de
2195 3850 2394 3936 prima
2451 3848 2735 3936 philoso-

644 4056 710 4129 1)
743 4061 803 4112 In
837 4060 950 4123 alio,
986 4062 1072 4131 qui
1107 4077 1360 4132 praeterea
1395 4061 1562 4114 afferri
1594 4074 1773 4131 potest,
1806 4062 1920 4114 loco
1955 4062 2018 4114 de
2051 4075 2197 4114 motu
2231 4060 2382 4114 anim.
2423 4077 2470 4119 6.
2511 4055 2640 4118 700⁸
2678 4078 2732 4118 7:

534 4149 653 4219 περὶ
687 4151 780 4217 μὲν
815 4148 913 4201 τοῦ
949 4146 1159 4220 πρότου
1197 4153 1499 4217 κινουμένου
1533 4150 1627 4201 καὶ
1661 4143 1742 4201 ἀεὶ
1768 4152 2088 4217 κινουμένου,
2123 4153 2246 4202 τίνα
2272 4146 2477 4220 τρόπον
2500 4157 2733 4213 κινεῖται,

535 4236 627 4287 καὶ
659 4230 766 4291 πὸς
799 4238 933 4286 κινεῖ
960 4232 1024 4287 τὸ
1061 4229 1268 4303 πρῶτον
1304 4235 1492 4298 κινοῦν,
1528 4233 1802 4304 διώρισται
1837 4231 2095 4305 πρότερον
2120 4239 2171 4289 ἐν
2194 4240 2308 4295 τοῖς
2332 4236 2566 4306 περὶτῆς
2590 4234 2734 4306 πρό-

534 4340 627 4389 της
672 4320 995 4389 φιλοσοφίας
1036 4320 1185 4371 verba
1229 4333 1448 4373 extrema
1481 4324 1532 4374 ἐν
1569 4326 1681 4381 τοῖς
1717 4324 1835 4391 περὶ
1869 4322 1962 4389 τῆς
1998 4341 2084 4393 πρ.
2121 4342 2179 4391 φ.
2211 4340 2319 4372 non
2351 4320 2505 4391 ipsius
2543 4320 2733 4375 Aristo-

534 4405 640 4458 telis
674 4407 762 4459 sed
794 4419 969 4474 postea
1002 4405 1165 4458 addita
1201 4424 1324 4471 esse,
1357 4425 1520 4476 neque
1559 4427 1618 4458 ea
1654 4408 1717 4459 ad
1752 4407 1975 4477 Metaph.
2013 4411 2067 4460 A
2102 4408 2189 4459 sed
2225 4409 2288 4460 ad
2312 4406 2637 4479 Physicorum
2672 4408 2731 4459 li·

535 4494 683 4546 brum
720 4506 996 4546 extremum
1028 4506 1264 4563 spectare,
1297 4493 1618 4564 probabiliter
1641 4494 1853 4546 coniecit
1875 4493 2078 4546 Krische
2103 4495 2135 4545 l.
2161 4496 2191 4545 l.
2218 4514 2267 4563 p.
2291 4509 2386 4548 267
2417 4509 2518 4548 not.
