3109 5175
582 338 722 417 128
1436 362 1488 409 α
1542 337 1608 410 1.
1683 337 1912 412 993ὸ.

577 522 714 585 eius
757 536 900 583 esse
944 517 1396 603 cognitionem.
1466 515 1815 601 Propterea
1858 534 1996 579 non
2040 510 2323 578 &bitavi
2357 506 2620 589 πάντως
2652 534 2775 599 pro

573 619 833 697 πάντας
865 642 942 684 ex
978 623 1340 684 coniectura
1370 616 1691 682 Brundisii
1723 621 1792 681 in
1826 627 2001 682 textu
2033 616 2343 694 exhibere,
2380 638 2570 701 quum
2590 637 2780 703 prae-

576 729 789 790 sertim
824 721 1199 803 Alexander,
1241 722 1394 786 licet
1433 725 1499 786 iu
1546 721 1838 786 lemmate
1882 721 2113 785 babeat
2155 715 2428 797 πάντας,
2471 723 2536 783 in
2583 720 2778 805 expli-

576 833 829 894 catione
874 838 1086 892 tamen
1130 838 1343 891 utatur
1384 825 1713 890 vocabulis
1755 822 1982 916 πάντῃ,
2025 818 2450 889 παντάπασιν
2491 821 2779 907 ἀποτυγ·

570 930 796 1018 xciv-sev
853 953 917 1017 p.
963 931 1108 1008 101,
1157 931 1259 993 14.
1329 931 1476 1007 102,
1521 931 1621 1007 12,
1663 930 1779 1007 21,
1834 940 1907 993 ut
1964 950 2103 993 eum
2161 922 2424 1004 πάντως
2476 929 2542 992 in
2602 936 2779 992 textu

576 1034 873 1103 habuisse
927 1055 1060 1103 non
1119 1036 1257 1097 sine
1312 1035 1527 1117 specie
1582 1036 1719 1097 veri
1774 1030 1926 1096 inde
1980 1030 2269 1119 colligas.
2351 1030 2550 1116 Quod
2611 1034 2778 1095 enim

574 1140 647 1205 L.
696 1135 978 1225 Spengel
1024 1137 1247 1202 obiicit
1288 1136 1633 1217 (Mlincbn.
1676 1135 1826 1201 Gel.
1868 1136 2023 1200 Anz.
2075 1136 2263 1201 1843.
2310 1136 2392 1200 Ν.
2422 1135 2642 1214 243.),
2702 1155 2779 1198 ex

576 1240 797 1306 eadem
829 1238 1172 1305 Alexandri
1207 1241 1735 1325 interpretatione¹
1775 1263 1839 1326 p.
1871 1240 2017 1311 103,
2051 1241 2108 1317 1,
2140 1241 2175 1303 7
2226 1242 2413 1303 etiam
2455 1236 2778 1326 vulgatam

574 1345 915 1410 lectionem
960 1339 1216 1418 πάντας
1259 1342 1622 1407 confirmari
1667 1363 1887 1429 posse,
1935 1340 2160 1407 dubito
2210 1364 2357 1407 num
2403 1353 2578 1407 recte
2619 1343 2782 1407 iudi·-

573 1450 843 1523 caverit3
889 1446 1047 1512 illud
1094 1449 1259 1512 enim
1305 1442 1562 1523 πάντες,
1607 1444 1783 1531 quod
1828 1456 1926 1509 est
1969 1444 2137 1531 apud
2170 1445 2613 1525 Alexandrum,
2655 1457 2781 1510 tra-

574 1551 852 1618 hendum
907 1555 1121 1637 potius
1180 1549 1434 1616 videtur
1488 1547 1570 1613 ad
1629 1547 1999 1634 explicanda
2056 1547 2254 1612 verba
2296 1553 2576 1636 proxima
2622 1545 2771 1614 ἀλλ’

574 1661 930 1723 ἕκαστον
985 1655 1192 1737 λέγειν
1241 1676 1306 1717 τι
1347 1654 1483 1717 κτλ.
1575 1652 1879 1718 Ceterum
1925 1653 2220 1716 Erasmus
2276 1656 2341 1716 in
2400 1651 2776 1740 explicando

573 1756 922 1846 proverbio
965 1758 1066 1831 τίς
1108 1750 1193 1820 ἄν
1238 1752 1461 1844 θύρας
1504 1750 1828 1842 ἁμάρτοις
1873 1753 1985 1819 ubi
2031 1754 2187 1818 haec
2229 1755 2423 1819 verba
2469 1759 2777 1820 Aristote-

572 1862 653 1926 lis
696 1860 901 1937 affert,
944 1859 1166 1924 scribit
1205 1854 1483 1935 πάντως.

704 1965 934 2030 993ῠ2
979 1964 1164 2049 περὶ
1207 1964 1350 2041 τῆς
1395 1956 1712 2051 φύσεως
1755 1963 1797 2025 i.
1832 1984 1888 2026 e.
1932 1964 2234 2048 περὶτῆς
2267 1962 2396 2028 τῶν
2431 1956 2625 2050 φύσει
2664 1955 2813 2026 ἅνω

570 2092 703 2135 των
748 2065 1123 2142 odaiae-vel
1169 2069 1431 2130 omuino
1475 2066 1625 2149 περὶ
1666 2064 1787 2144 τῆς
1829 2061 2076 2143 οὐσίας,
2122 2065 2199 2130 cf.
2241 2073 2305 2129 Δ
2335 2068 2396 2130 4.
2436 2068 2639 2131 10141*
2669 2068 2775 2132 35.

573 2174 784 2237 10156
825 2173 922 2235 12.
1013 2171 1235 2254 Itaque
1293 2168 1603 2235 formulae
1654 2170 1803 2253 περὶ
1858 2168 1978 2247 τῆς
2034 2163 2289 2258 φύσεως
2345 2178 2410 2234 et
2459 2170 2607 2256 περὶ
2657 2170 2779 2249 τῆς

572 2271 903 2355 ἀληθείας
936 2283 1248 2358 tamquam
1286 2271 1568 2337 eiusdem
1611 2272 1745 2335 fere
1789 2272 2275 2359 significationis
2316 2271 2585 2357 perinde
2625 2292 2777 2336 con-

570 2381 926 2463 iunguntur
963 2388 1154 2461 atque
1198 2370 1493 2454 ἆλήθεια
1539 2385 1605 2439 et
1645 2369 1723 2440 τὸ
1770 2370 1865 2453 ὅν,
1911 2375 1989 2439 cf.
2035 2374 2116 2441 ad
2147 2367 2219 2440 A
2247 2377 2309 2440 3.
2340 2376 2501 2440 983⁶
2532 2377 2562 2439 1
2588 2377 2742 2440 -3,

701 2482 863 2545 9931»
901 2482 941 2543 5
986 2482 1110 2554 τίς
1154 2473 1251 2542 ἂν
1297 2474 1568 2563 θύρας
1608 2473 2005 2564 ἁμάρτοις
2062 2480 2357 2543 Erasmus
2414 2482 2481 2543 in
2528 2478 2773 2565 adagiis

570 2595 945 2674 aspernatus
983 2594 1049 2648 et
1077 2581 1364 2648 codicum
1396 2581 1944 2648 Aristotelicorum
1977 2593 2041 2647 et
2066 2587 2263 2669 ipsius
2296 2581 2636 2647 Alexandri
2667 2605 2774 2648 au-

571 2691 928 2752 ctoritatem
974 2708 1092 2772 pro
1141 2682 1361 2772 θύρας
1397 2686 1801 2752 scribendum
1834 2689 2091 2751 coniicit
2121 2682 2363 2770 θήρας,
2408 2705 2593 2771 quam
2625 2706 2775 2751 con-

550 2793 869 2856 'iecturam
913 2790 1128 2856 subtili
1158 2788 1266 2854 ille
1299 2789 1550 2877 quidem
1583 2791 1699 2856 sed
1739 2813 1957 2877 parum
1997 2789 2313 2878 probabili
2344 2793 2594 2856 ratione
2623 2810 2774 2858 con-

563 2894 820 2961 firmare
859 2894 1089 2960 studet.
1161 2892 1535 2974 Alexander,
1574 2899 1708 2960 sive
1742 2896 1809 2961 id
1849 2895 2145 2959 traditum
2185 2897 2434 2979 accepit
2470 2898 2605 2959 sive
2636 2897 2772 2981 ipse

570 3001 981 3086 excogitavit,
1037 3018 1171 3062 non
1219 3001 1443 3085 inepte
1485 2999 1894 3086 proverbium
1940 2997 2193 3064 ductum
2240 2997 2392 3061 dicit
2436 3020 2471 3060 a
2517 3002 2771 3085 sagitta-

566 3105 709 3178 riiS,
754 3104 891 3187 qui,
933 3104 987 3165 si
1033 3103 1243 3165 tenuis
1290 3112 1355 3165 et
1396 3105 1635 3167 minuta
1680 3105 2012 3191 proposita
2059 3104 2141 3167 sit
2178 3113 2375 3179 meta,
2426 3100 2613 3165 facile
2657 3099 2772 3165 fal-

565 3201 806 3282 lantur,
853 3203 934 3267 ab
978 3202 1183 3289 ampla
1230 3216 1440 3269 autem
1481 3217 1549 3270 et
1595 3204 1748 3285 lata,
1794 3204 1997 3292 qualis
2044 3216 2142 3269 est
2182 3206 2396 3281 ianua,
2443 3207 2547 3268 vix
2593 3203 2773 3269 aber—

569 3318 730 3372 rent.
821 3306 978 3371 Inde
1035 3311 1318 3393 proxima
1364 3313 1553 3373 etiam
1599 3309 1797 3374 verba
1843 3307 2461 3374 facilenn.babebunt
2504 3307 2772 3394 explica-

566 3414 826 3475 tionem.
899 3412 1207 3476 Nimirum
1253 3422 1325 3476 ut
1367 3417 1675 3501 sagittarii
1720 3412 1988 3499 amplam
2034 3411 2207 3476 illam
2251 3424 2476 3476 metam
2522 3417 2772 3477 univer·

563 3533 697 3579 eam
743 3513 994 3600 quidem
1041 3514 1290 3593 feriunt,
1334 3516 1448 3580 sed
1494 3517 1767 3581 fortasse
1808 3538 1940 3581 non
1980 3538 2114 3580 eam
2155 3529 2413 3603 partem,
2457 3538 2621 3601 quae
2657 3536 2773 3600 po-

566 3621 868 3683 tissimum
915 3617 1225 3682 destinata
1274 3630 1437 3698 erat,
1493 3624 1581 3684 ita
1629 3620 1997 3708 philosophi
2042 3619 2123 3684 ab
2169 3624 2469 3686 universo
2517 3618 2770 3706 quidem

565 3724 847 3786 veritatis
892 3742 1093 3807 scopo
1141 3743 1274 3786 non
1321 3722 1793 3802 aberraverunt,
1838 3724 1953 3788 sed
1989 3745 2122 3788 non
2156 3727 2361 3811 ipsum
2399 3727 2577 3809 quasi
2611 3743 2771 3811 pun-

565 3836 732 3888 ctum
789 3828 1072 3890 veritatis
1131 3830 1400 3891 assecuti
1459 3838 1633 3906 sunt,
1692 3833 1781 3905 εὶς
1822 3829 2084 3894 ἔννοιαν
2126 3830 2246 3912 μὲν
2288 3829 2410 3892 τοῦ
2451 3822 2638 3904 ὅλου,
2696 3836 2771 3891 ut

563 3929 655 3990 ait
699 3926 875 3991 Alex.
920 3951 981 4014 p.
1023 3930 1161 4006 104,
1204 3930 1270 4006 3,
1329 3932 1440 3995 καὶ
1483 3931 1829 3997 ἐπίστασιν
1868 3927 2109 4008 πάντες
2152 3922 2406 4012 ἦλθον,
2464 3927 2654 3996 οὐδὲν
2694 3930 2768 3995 δὲ

563 4034 762 4112 μέρος
818 4027 1028 4109 αὐτῆςΙ
1077 4029 1662 4118 ὲξακριβῶσασθαι
1726 4031 2171 4114 ἐδυνήθησαν.
2255 4034 2336 4098 οἱ.
2379 4034 2572 4118 Phys.
2617 4034 2648 4096 1
2707 4035 2767 4098 1.

566 4135 732 4198 1841:
757 4135 843 4198 23
881 4157 1032 4221 sqq„
1078 4136 1187 4202 ubi
1233 4137 1313 4200 ab
1361 4138 1700 4203 universali
1748 4141 2116 4225 cognitione
2164 4138 2244 4202 ad
2290 4135 2767 4224 persequendas

559 4236 845 4323 singulas
887 4251 1101 4325 partes
1147 4241 1540 4328 pergendum
1591 4263 1730 4306 esse
1761 4241 2137 4306 Aristoteles
2180 4241 2391 4319 docet,
2436 4251 2502 4304 et
2545 4238 2625 4303 ad
2666 4257 2769 4308 ex-

559 4338 920 4426 plicandam
968 4366 1104 4409 eam
1149 4348 1523 4410 sententiam
1557 4344 1796 4412 Tre-nd.
1838 4344 1921 4410 de
1950 4348 2145 4410 anim.
2185 4369 2248 4432 p.
2281 4345 2431 4412 338.
2501 4343 2770 4431 Heyder

561 4443 708 4510 kuic.
752 4447 964 4513 Daret.
1008 4450 1039 4513 1
1089 4452 1142 4514 1.
1189 4472 1252 4537 p.
1288 4450 1430 4514 165.

2912 2141 2961 2185 β
