3109 5175
591 342 739 419 306
1425 345 1499 416 Ζ
1543 341 1611 416 4.
1695 339 1887 415 1029
1903 341 1965 413 b.

593 515 869 606 θρώπῳ.
957 520 1166 601 (Voc.
1214 516 1382 586 εἶναι
1422 528 1574 585 ante
1617 520 1821 602 λευκῷ
1868 513 2212 606 ἀνθρώπῳ
2270 539 2492 584 omnes
2549 518 2801 605 quidem

592 623 739 688 libri
798 635 863 689 et
917 627 1132 710 scripti
1191 633 1258 689 et
1316 621 1470 689 editi
1529 626 1856 702 omittunt,
1912 621 2029 688 sed
2085 621 2252 688 adeo
2298 631 2601 688 constans
2644 623 2802 688 haee

593 725 867 800 formula
896 738 994 793 est
1022 727 1194 815 apud
1223 726 1651 806 Aristotelem,
1699 737 1765 792 et
1796 729 2005 812 ipsum
2033 725 2294 792 verbum
2331 723 2498 793 εἶναι
2537 725 2623 792 ad
2653 747 2799 793 con-

592 829 932 897 ficiendam
991 833 1126 897 eius
1184 829 1498 897 formulae
1553 834 1681 895 vim
1729 841 1854 895 tam
1900 833 2263 896 necessario
2306 833 2678 916 requiritur,
2730 841 2804 895 ut

595 934 878 1001 additum
923 935 1119 1002 luisse
1163 958 1200 1000 a
1245 938 1560 1021 scriptore
1618 955 1987 1021 persuasum
2044 934 2371 1013 habeam.)
2460 934 2610 1019 Qua
2668 937 2803 1021 qni-

594 1039 738 1105 dem
783 1042 849 1104 in
896 1044 1270 1126 quaestione
1314 1061 1398 1106 ne
1443 1041 1585 1124 quis
1631 1038 1892 1104 obiiciat
1934 1040 2001 1102 in
2042 1059 2229 1104 unam
2266 1040 2597 1104 notionem
2632 1049 2699 1104 et
2733 1042 2803 1103 in

592 1164 786 1209 unum
829 1142 1212 1210 vocabulum
1258 1142 1577 1209 coaluisse
1623 1152 1925 1228 oportere
1970 1142 2071 1220 id,
2127 1146 2302 1206 cuius
2349 1163 2490 1206 esse
2537 1146 2800 1207 omnino

592 1247 858 1312 velimus
903 1248 968 1312 τί
1012 1237 1096 1326 ἦν
1141 1243 1326 1325 εἶναι,
1369 1249 1556 1333 ponit
1599 1241 1828 1312 λευκὸν
1872 1240 2242 1335 ἄνθρωπον
2285 1266 2421 1310 uno
2459 1245 2801 1323 vocabulo,

593 1353 1027 1417 commentitio
1061 1371 1143 1414 eo
1175 1350 1445 1435 quidem,
1491 1350 1802 1426 denotari,
1847 1352 2009 1416 ἔστω
2054 1343 2140 1428 δὴ
2180 1343 2397 1432 ὄνομα
2434 1346 2613 1431 αὐτῷ
2646 1345 2803 1433 ἱμά-

592 1475 761 1532 τιον,
803 1452 1330 1539 quemadmodum
1380 1453 1631 1543 vulgari
1678 1476 1799 1521 usu
1839 1474 2031 1520 nasus
2077 1453 2374 1530 obtusus,
2417 1456 2615 1540 igitur
2656 1452 2803 1517 sub-

594 1560 825 1623 stantia
872 1579 1011 1621 cum
1057 1556 1411 1637 accidente,
1469 1578 1602 1622 uno
1647 1557 1969 1624 vocabulo
2016 1558 2136 1622 τοῦ
2183 1556 2379 1640 σιμοῦ
2422 1555 2800 1642 appellatur.

591 1662 816 1747 ltaque
852 1663 1351 1746 iam-quaeritur:
1395 1662 1462 1727 τί
1506 1667 1645 1727 ἐστι
1685 1655 1763 1725 τὸ
1808 1662 2048 1745 ἱματίῳ
2094 1652 2293 1740 ἐἷναις
2337 1660 2469 1725 Sed
2502 1664 2802 1747 quoniam

594 1775 784 1830 antea
843 1783 982 1830 esse
1040 1763 1197 1829 dixit
1250 1758 1330 1830 τὸ
1391 1767 1456 1829 τί
1505 1755 1592 1844 ἦν
1635 1759 1803 1830 εἶναι
1844 1758 2098 1845 ἑκάστῳ
2140 1757 2182 1828 ὃ
2229 1763 2559 1847 λέγεται
2598 1762 2794 1830 καθ’

591 1864 826 1946 αὑτό,
882 1870 1022 1953 ipse
1075 1867 1199 1932 sibi
1255 1867 1380 1932 hoc
1435 1866 1687 1932 obiicit:
1745 1876 1811 1931 at
1860 1887 1995 1932 non
2041 1887 2182 1931 esse
2228 1866 2545 1935 hominem
2591 1868 2800 1933 album

591 1975 761 2038 inter
805 1992 910 2051 ea,
967 1989 1128 2056 quae
1184 1987 1306 2057 per
1355 1992 1428 2035 se
1485 1971 1803 2048 dicantur,
1859 1965 2031 2036 ἀλλὰ
2075 1964 2209 2054 μὴν
2255 1968 2405 2037 οὐδὲ
2450 1973 2580 2037 τῶν
2621 1969 2791 2037 καθ’

592 2070 757 2141 αὑτὸ
802 2077 1167 2161 λεγομένων
1212 2072 1361 2140 οὐδὲ
1407 2076 1634 2153 τοῦτο,
1687 2074 1968 2159 ideoque
2024 2095 2110 2139 ne
2168 2078 2384 2160 quaeri
2430 2074 2685 2160 quidem
2731 2074 2803 2140 li-

479 2191 485 2196 “
593 2199 757 2257 cere,
801 2199 950 2242 num
996 2180 1080 2243 sit
1124 2183 1257 2245 eins
1304 2178 1564 2264 aliquod
1609 2180 1677 2243 τί
1719 2168 1804 2256 ἦν
1848 2174 2033 2242 εἶναι.
2108 2178 2209 2243 Ad
2256 2180 2419 2244 hanc
2464 2177 2803 2244 dubitatio-

591 2303 738 2348 nem
777 2280 1130 2366 respondet
1168 2285 1547 2367 (usurpatur
1593 2282 1759 2346 enim
1797 2291 1957 2367 part.
1988 2275 2034 2361 ἤ
2072 2281 2153 2346 ad
2190 2281 2579 2348 afferendam
2626 2283 2803 2349 obie-

589 2388 887 2464 ctionem,
924 2407 1108 2470 quam
1139 2388 1413 2471 scriptor
1439 2387 1581 2470 ipse
1610 2383 1735 2449 sibi
1766 2384 1930 2461 facit,
1967 2385 2045 2450 cf.
2079 2387 2248 2472 Top.
2280 2387 2374 2450 1V
2406 2388 2466 2451 4.
2500 2388 2668 2452 125a
2692 2390 2797 2453 23.

591 2490 691 2556 Vl
718 2489 782 2555 3.
813 2490 974 2554 140⁶
998 2490 1058 2567 4,
1091 2490 1193 2567 12,
1221 2489 1327 2553 31.
1384 2490 1446 2553 6.
1479 2487 1646 2551 144a
1674 2490 1774 2567 11,
1799 2490 1946 2569 ⁶20,
1974 2491 2084 2556 34.
2116 2489 2238 2569 al.)
2287 2490 2599 2556 distinctis
2642 2490 2801 2557 duo-

591 2593 715 2660 bus
759 2592 996 2672 modis,
1039 2591 1267 2679 quibus
1311 2591 1546 2677 aliquid
1593 2611 1726 2656 non
1771 2615 1890 2678 per
1932 2615 2003 2659 se
2046 2598 2255 2679 possit
2299 2594 2451 2673 dici,
2508 2589 2555 2675 ἢ
2597 2590 2674 2661 τὸ
2722 2592 2804 2661 οὐ

590 2694 759 2764 καθ’
800 2691 964 2762 αὐτὸ
1007 2697 1263 2779 λέγεται
1306 2696 1524 2781 διχῶς,
1584 2717 1851 2782 quorum
1909 2699 2196 2763 nimirum
2254 2697 2337 2763 ad
2393 2710 2683 2765 neutrum
2731 2698 2801 2765 id

592 2799 884 2869 videatur
937 2802 1292 2886 pertinere,
1347 2798 1428 2864 de
1487 2821 1614 2886 quo
1675 2821 1845 2866 nunc
1888 2803 2116 2889 agitur.
2207 2801 2541 2889 Significat
2589 2813 2799 2870 autem

592 2904 758 2970 duos
815 2907 973 2969 istos
1031 2903 1262 2969 modos
1317 2903 1418 2968 his
1471 2903 1712 2969 verbis:
1767 2897 1847 2969 τὸ
1904 2906 2025 2987 μὲν
2078 2899 2207 2991 γὰρ
2263 2906 2356 2988 τῷ
2413 2901 2574 2972 αὐτὸ
2620 2901 2801 2990 ἄλλῳ

590 3010 1041 3093 προσκεῖσθαι
1093 3008 1346 3090 λέγεται
1403 3000 1441 3071 ὃ
1501 3003 1815 3092 ὁρίζεται,
1871 3008 1930 3072 h.
1969 3027 2024 3071 e.
2083 3005 2162 3072 τὸ
2208 3011 2331 3091 μὲν
2370 3003 2499 3096 γὰρ
2543 3011 2801 3093 λέγεται

590 3114 745 3193 (int.
792 3107 873 3175 οὐ
913 3107 1081 3174 καθ’
1120 3104 1325 3187 αὑτό)
1368 3111 1462 3192 τῷ
1505 3103 1669 3173 αὐτὸ
1716 3103 1754 3174 ὃ
1799 3104 2080 3196 ὁρίζεται
2120 3104 2299 3195 ἄλλῳ
2333 3115 2798 3198 προσκεῖσθαι,

591 3206 738 3279 οἷον
770 3212 904 3278 κτλ.
974 3213 1043 3277 Si
1082 3211 1164 3291 id,
1209 3210 1382 3297 quod
1431 3222 1529 3276 est
1574 3211 2023 3291 definiendum,
2068 3216 2274 3300 ipsum
2307 3214 2490 3280 alteri
2520 3220 2613 3281 rei
2645 3202 2798 3281 tam·

590 3338 774 3402 quam
830 3314 1122 3381 accidens
1180 3316 1493 3397 inhaeret,
1549 3317 2077 3403 quemadmodum
2129 3317 2309 3383 albus
2358 3318 2541 3384 color
2584 3319 2798 3384 inhae-

586 3429 688 3486 ret
742 3420 1014 3499 homini,
1070 3422 1125 3485 is
1170 3431 1407 3501 autem,
1467 3425 1576 3509 qui
1634 3422 1904 3488 definire
1955 3420 2299 3488 accidentis
2343 3434 2661 3502 naturam,
2716 3416 2794 3489 τὸ

587 3525 790 3608 λευκῷ
834 3518 1030 3603 εἶναι,
1089 3528 1463 3610 susceperit,
1519 3545 1656 3591 non
1700 3526 1994 3591 accidens
2039 3526 2156 3592 sed
2198 3549 2330 3592 rem
2377 3530 2793 3614 compositam

586 3638 653 3693 et
698 3638 1073 3706 concretam,
1119 3625 1240 3694 τὸν
1281 3621 1512 3694 λευκὸν
1550 3624 1937 3716 ἄνθρωπον,
1981 3629 2314 3710 definierit,
2358 3632 2462 3696 hic
2496 3652 2659 3696 unus
2698 3640 2796 3696 est

584 3729 844 3811 moduS,
899 3753 1028 3817 quo
1089 3732 1243 3818 quid
1295 3752 1429 3797 non
1474 3754 1592 3819 per
1636 3756 1707 3799 se
1753 3732 2015 3798 dicatur.
2102 3727 2179 3799 τὸ
2225 3735 2295 3800 δὲ
2341 3738 2494 3814 (int.
2541 3736 2796 3819 λέγεται

584 3832 666 3901 οὐ
705 3832 874 3901 καθ’
913 3832 1118 3917 αὑτό)
1164 3837 1256 3920 τῷ·
1289 3831 1454 3901 ἄλλο
1494 3833 1674 3921 αὐτῷ·
1717 3841 1865 3918 (int.
1901 3840 2350 3925 προσκεῖσθαι
2376 3841 2509 3923 ι)),
2556 3834 2700 3906 οἷον
2738 3842 2793 3903 εὶ

690 3983 758 4053 1)
803 3987 1108 4051 Alexander,
1155 4007 1308 4058 quem
1344 3988 1513 4040 Schw.
1552 3987 1603 4039 in
1639 3988 1841 4059 interpr.
1880 3991 2140 4041 vernacula
2174 4005 2374 4042 secutus
2410 4006 2507 4053 cst,
2553 3990 2788 4060 supplen-

580 4072 706 4124 dum
740 4085 884 4143 putat
916 4081 1281 4145 προσκεῖσθαι
1317 4077 1436 4138 δεῖν,
1474 4076 1535 4126 cf.
1560 4095 1612 4144 p.
1644 4088 1759 4137 436,
1787 4090 1877 4130 2³:
1915 4077 1994 4128 δεῖ
2028 4083 2351 4148 προσθεῖναι
2386 4078 2451 4131 τὰ
2483 4078 2588 4130 δεῖν
2620 4095 2792 4147 προσ-

579 4165 815 4223 κεῖσθαι,
855 4154 885 4211 ὃ
924 4155 989 4212 οὗ
1024 4159 1351 4230 πρόσκειται,
1390 4162 1475 4212 ἵνα
1508 4152 1547 4234 ᾗ
1582 4161 1648 4213 τὸ
1684 4158 1790 4214 πᾶν
1819 4160 2088 4214 τοιοῦτον·
2123 4161 2189 4215 τὰ
2226 4166 2280 4216 δὲ
2313 4167 2515 4231 λέγεται
2549 4157 2614 4215 οὗ
2649 4158 2788 4216 καθ’

580 4241 714 4297 αὑτὰ
764 4248 814 4297 ἐν
857 4242 930 4314 τῷ
978 4247 1082 4297 δεῖν
1128 4241 1253 4296 ἄλλο
1301 4252 1662 4316 προσκεῖσθαι
1704 4242 1872 4317 aurei,
1919 4243 1953 4302 ὃ
2000 4244 2064 4302 οὗ
2108 4249 2442 4321 πρόσκειται·
2488 4244 2603 4302 οἷον
2640 4255 2686 4303 εἰ
2721 4250 2786 4302 τὸ

579 4326 790 4401 ἱμάτιον
828 4335 1069 4402 σημαίνει
1102 4330 1196 4383 τὸν
1233 4331 1413 4383 λευκὸν
1451 4328 1765 4403 ἄνθρωπον,
1814 4332 1841 4386 ὁ
1881 4336 1934 4387 δὲ
1972 4331 2268 4405 ὁριζόμενος
2303 4335 2367 4388 τὸ
2415 4334 2622 4405 ἱμάτιον
2658 4339 2790 4404 λέγει

578 4412 664 4467 ὅτι
707 4413 921 4484 ἱμάτιόν
967 4421 1079 4469 ἐστι
1118 4415 1306 4487 χρῶμα
1352 4418 1669 4489 διακριτικὸν
1722 4416 1922 4490 ὄψεως·
1978 4422 2092 4473 δέον
2143 4420 2242 4490 γὰρ
2300 4428 2663 4492 προσκεῖσθαι
2713 4423 2787 4497 τῷ

578 4498 774 4573 ὁρισμῷ
809 4503 909 4554 τοῦ
945 4506 1164 4572 ἱματίου
1201 4505 1292 4556 καὶ
1325 4500 1450 4557 cmo
1487 4526 1556 4569 τι,
1595 4501 1709 4559 οἷον
1743 4508 1808 4560 τὰ
1847 4508 1977 4575 &fior
2012 4506 2167 4570 πεζὸν
2204 4508 2410 4567 δίπουν,
2449 4503 2514 4559 οὗ
2538 4507 2789 4575 πρόσκει-

574 4607 684 4650 ται,
718 4584 852 4641 ὥστε
889 4583 954 4641 οὗ
990 4584 1129 4641 καθ’
1158 4587 1293 4644 αὑτό
1334 4588 1570 4663 ὡρίσατο
1608 4592 1671 4645 τὸ
1713 4591 1940 4663 ἱμάτιον.
1995 4595 2064 4644 At
2099 4593 2640 4656 tale„additamentum,
2680 4596 2787 4646 δεῖν
