3109 5175
1149 402 1220 470 A
1275 397 1385 472 13.
1470 395 1660 472 1020
1672 420 1738 471 a.
2403 398 2546 473 257

344 579 370 652 (
383 568 550 661 πρὸς
603 566 728 653 τὴν
775 569 1078 660 πρώτην)
1135 585 1201 639 et
1257 596 1330 640 ex
1390 597 1508 662 qua
1569 565 1848 662 reliqu‘ae
1906 576 2234 663 pendeant
2290 572 2549 663 (κύριος

345 672 518 764 ὅρος,
566 677 645 742 cf.
694 675 774 742 ad
819 679 880 742 5.
929 678 1131 744 101512
1172 680 1297 760 11)
1342 678 1423 744 ad
1468 678 1639 744 illam
1683 680 2045 746 referuntur
2089 678 2547 761 definitionem,

342 790 416 845 ut
457 784 540 845 sit
582 777 859 866 δύναμις
901 775 1072 867 ἀρχὴ
1115 783 1490 867 μεταβολῆς
1533 787 1605 849 ἐν
1647 776 1827 867 ἄλλῳ
1870 778 1915 863 ἢ
1955 774 1995 872 ᾗ
2043 777 2223 849 ἄλλο.

1187 1044 1413 1119 CAP.
1479 1044 1691 1118 XIII.

473 1191 1008 1286 Q'uantitatis‚
1075 1204 1196 1269 τοῦ
1250 1206 1493 1282 ποσοῦ,
1562 1207 1744 1268 notio
1813 1206 2137 1290 copiosius
2207 1208 2544 1291 exponitur

342 1302 487 1372 Cat.
532 1307 592 1385 6,
638 1319 965 1392 praeterea
1010 1307 1088 1372 cf.
1137 1308 1186 1373 I
1224 1310 1284 1373 1.
1343 1308 1534 1394 Phys.
1576 1309 1640 1370 V
1684 1309 1745 1387 3,
1789 1308 1899 1373 ubi
1947 1310 2382 1374 continuitatis
2427 1330 2544 1374 no-

341 1411 434 1474 tio
480 1408 841 1496 explicatur,
885 1412 1114 1476 Waitz
1151 1411 1311 1500 Org.
1360 1414 1432 1477 41>
1466 1414 1573 1476 20.
1637 1410 1941 1477 Trendel.
1990 1413 2136 1478 Kat.
2182 1436 2243 1500 p.
2278 1417 2362 1479 79
2406 1436 2540 1502 sqq.

341 1512 526 1598 Quae
583 1513 711 1580 boc
767 1518 975 1601 capite
1036 1519 1320 1602 exposita
1364 1526 1514 1579 sunt
1559 1515 1667 1581 ubi
1713 1537 1847 1581 non
1891 1535 2150 1604 prorsus
2198 1520 2545 1583 concinunt

342 1639 484 1683 cum
515 1617 791 1706 reliquis,
836 1640 991 1705 quas
1020 1618 1360 1697 attulimuS,
1395 1617 1759 1685 Aristotelis
1790 1619 2346 1707 disputationibus,
2385 1621 2546 1687 baec

340 1722 684 1810 disputatio
731 1721 1103 1810 plerumque
1147 1724 1416 1790 inferior
1456 1721 1584 1787 illis
1628 1721 1880 1790 videtur
1924 1746 2082 1791 esse.

471 1829 554 1908 a)
602 1829 812 1894 10200
851 1830 1111 1894 7—14.
1180 1827 1572 1914 Quantitatis
1612 1831 1795 1893 notio
1836 1829 2157 1908 definitur,
2202 1828 2541 1895 discretum

342 1942 406 1995 et
452 1934 818 1997 continuum
865 1934 1228 2017 quantitatis
1270 1953 1474 2020 genus
1521 1931 2009 2021 distinguuntur.
2055 1969 2140 1980 —
2192 1934 2428 2012 Partes,
2474 1936 2541 2000 in

341 2057 496 2121 quas
541 2033 740 2101 dividi
781 2044 998 2123 potest
1038 2030 1117 2101 τὸ
1160 2033 1389 2116 ποσόν,
1432 2034 1608 2122 quod
1653 2034 1805 2101 dicit
1848 2035 2132 2125 singulas
2180 2058 2321 2101 esse
2365 2041 2434 2102 ἕν
2478 2061 2544 2103 τι

338 2141 450 2205 καὶ
491 2135 643 2206 τόδε
686 2163 750 2206 τι
787 2141 896 2219 σθ,
939 2138 1244 2229 distingui
1281 2162 1388 2206 eas
1421 2139 1628 2205 voluit
1663 2139 1743 2205 ab
1778 2139 2228 2218 accidentibus,
2273 2143 2340 2205 in
2378 2161 2540 2227 quae

338 2241 590 2308 videtur
634 2242 832 2309 dividi
876 2266 1070 2331 posse
1115 2254 1414 2310 concreta
1461 2245 1779 2332 quaelibet
1823 2244 2200 2322 substantia3
2246 2243 2440 2331 plene
2485 2248 2541 2311 si

337 2347 645 2414 voluisset
698 2352 1028 2415 notionem
1088 2347 1385 2428 definire,
1443 2348 1719 2415 debebat
1773 2348 2041 2428 addere,
2100 2352 2268 2435 ipsas
2314 2351 2540 2413 iterum

337 2463 549 2539 partes
596 2474 737 2518 esse
781 2449 959 2518 ποσά
1005 2454 1124 2534 (cf.
1156 2452 1336 2519 Alex.
1368 2478 1427 2541 p.
1457 2455 1607 2533 359,
1644 2456 1752 2519 17:
1800 2448 2004 2529 οὕτως
2049 2457 2117 2518 ἓν
2160 2476 2225 2517 τι
2266 2450 2351 2529 ὡς
2387 2448 2539 2519 τόὸε

334 2579 400 2622 τι
441 2558 554 2622 καὶ
595 2559 716 2637 τῆς
757 2553 962 2639 αὐτῆς
1005 2554 1260 2647 φύσεως
1302 2560 1394 2643 τῷ
1438 2555 1835 2642 ὑποκειμένῳ
1880 2553 2047 2623 εἶναι
2059 2558 2108 2640 ),
2149 2554 2324 2623 unde
2354 2556 2542 2622 simul

337 2663 762 2747 apparuisset,
819 2665 1000 2728 istam
1059 2662 1497 2728 definitionem
1549 2664 1617 2726 in
1664 2660 1902 2727 circulo
1946 2665 2204 2727 versari.
2249 2700 2339 2712 —-
2393 2662 2540 2726 Dis·

338 2776 540 2830 cretas
581 2778 646 2831 et
681 2769 1014 2833 continuas
1056 2766 1525 2853 magnitudines
1555 2765 1850 2832 subtilius
1882 2764 2217 2855 distinguit
2245 2764 2389 2832 Cat.
2420 2765 2462 2831 l.
2494 2765 2536 2830 l.

333 2870 527 2956 Phys.
564 2870 606 2934 l.
637 2869 710 2947 l.;
755 2870 884 2935 boc
928 2873 1093 2935 enim
1133 2869 1282 2935 loco
1324 2870 1498 2957 quod
1535 2869 1865 2935 vocabulis
1906 2866 2287 2956 ἀριθμητόν
2323 2881 2388 2934 et
2422 2893 2538 2955 με·

331 2970 576 3059 τρητόν
617 2996 688 3039 ea
728 2978 1093 3060 quantitatis
1131 2996 1367 3064 genera
1409 2975 1723 3052 discernit,
1764 2977 2017 3039 minime
2055 2972 2376 3039 videbitur
2409 2972 2537 3037 suf-

331 3075 556 3156 ficere,
614 3081 667 3142 si
711 3081 1131 3164 reputaveris,
1186 3083 1387 3166 ipsum
1435 3085 1531 3158 ἕν,
1579 3079 1752 3166 quod
1799 3090 1894 3144 est
1937 3075 2239 3163 ἀριθμοῦ
2282 3070 2450 3160 ἀρχή
2494 3065 2536 3164 ᾗ

335 3176 635 3266 ἀριθμός
680 3182 728 3246 Ι
762 3184 820 3247 1.
870 3183 1071 3247 1052b
1105 3184 1211 3262 24,
1258 3182 1383 3248 dici
1425 3186 1666 3269 μέτρον
1710 3179 2184 3268 ἀκριβέστατον
2230 3181 2438 3246 10:332
2477 3182 2535 3258 1,

335 3283 506 3349 unde
551 3306 950 3373 consequens
993 3299 1106 3365 est,
1152 3298 1220 3352 ut
1261 3291 1401 3373 ipse
1445 3307 1744 3352 numerus
1790 3288 1871 3350 sit
1913 3280 2251 3370 μετρητάς.
2317 3285 2536 3348 Proxi-

332 3391 451 3452 mis
508 3400 714 3454 autem
770 3391 981 3457 verbis
1038 3393 1306 3472 πλῆθος
1359 3392 1479 3474 μὲν
1529 3379 1648 3455 οὖν
1691 3391 1826 3454 κτλ.
1873 3387 2182 3453 discretae
2228 3400 2292 3453 et
2334 3391 2533 3452 conti-

333 3511 499 3556 nuae
555 3494 1004 3582 magnitudinis
1068 3496 1402 3562 discrimen
1466 3514 1599 3558 non
1658 3491 1986 3570 describit,
2044 3491 2157 3556 sed
2221 3502 2531 3579 tamquam

330 3609 551 3662 notum
598 3603 800 3685 ponit.

464 3701 541 3790 b)
600 3704 808 3769 1020a
852 3706 1158 3770 14-32.
1245 3703 1676 3791 Distinguitur
1730 3698 2163 3766 substantialis
2215 3701 2529 3787 quantitas

329 3803 411 3868 ab
466 3806 856 3874 accidentali.
949 3811 1044 3874 Ac
1100 3809 1365 3894 primum
1424 3804 1677 3893 quidem
1733 3802 2158 3871 substantialis
2216 3806 2529 3890 quantitas

332 3913 610 3976 cernitur
664 3910 772 3976 vel
825 3914 892 3978 in
934 3912 1013 3979 iis
1056 3911 1452 3988 substantiis,
1508 3933 1769 3997 quarum
1816 3912 1869 3975 si
1915 3918 2199 3973 naturam
2245 3910 2350 3990 (τί
2391 3912 2530 3974 ἐστι

329 4015 505 4094 α19)
540 4012 920 4097 definiveris,
958 4019 1163 4103 ipsum
1199 4027 1497 4101 quantum
1533 4016 1790 4103 generis
1830 4014 1979 4079 loco
2013 4011 2380 4100 ponendum
2416 4023 2528 4093 est,

327 4116 436 4181 vel
471 4121 538 4183 in
574 4122 650 4184 iis
686 4120 1133 4185 affectionibus
1178 4116 1416 4201 (πάθη
1451 4122 1564 4184 καὶ
1599 4116 1756 4199 ἕξεις
1790 4121 1940 4199 ⁶19,
1988 4118 2066 4183 cs.
2098 4117 2178 4183 ad
2214 4119 2275 4183 6.
2315 4119 2535 4181 10156.

327 4222 475 4303 34),
509 4246 674 4310 quae
711 4228 1088 4310 quantitatis,
1123 4224 1431 4311 quatenus
1472 4234 1568 4289 est
1605 4225 1936 4308 quantitas,
1970 4226 2203 4288 variam
2241 4232 2525 4286 naturam

330 4329 712 4411 exprimunt,
766 4327 967 4393 veluti
1020 4348 1312 4417 magnum
1370 4349 1632 4414 parvum
1681 4327 1758 4392 al.
1813 4327 1893 4392 cf.
1939 4329 2017 4393 N
2056 4329 2113 4391 1.
2164 4325 2371 4390 1088ae
2413 4325 2524 4388 17:

325 4425 528 4511 πάθη
572 4455 639 4498 τε
683 4426 811 4517 γὰρ
856 4433 1066 4498 ταῦτα
1109 4435 1224 4499 καὶ
1261 4427 1724 4517 συμβεβηκότα
1758 4433 2015 4516 μᾶλλον
2051 4422 2097 4511 ἢ
2131 4428 2525 4512 ὑποκείμενα

325 4540 470 4611 τοῖς
513 4532 836 4623 ἀριθμοῖς
877 4539 989 4602 καὶ
1031 4546 1169 4614 τοῖς
1211 4536 1567 4620 μεγέθεσίν
1609 4540 1765 4613 ἐστι,
1806 4529 1884 4600 τὸ
1927 4527 2102 4601 πολὺ
2140 4534 2252 4599 καὶ
2296 4528 2529 4617 ὀλίγον.

411 4642 617 4696 Aristot.
640 4644 859 4715 metaph.
885 4644 964 4696 ed.
987 4643 1169 4697 Bonitz
1189 4643 1306 4696 Vol.
1327 4644 1390 4696 11.
1610 4708 1617 4713 .
2054 4642 2119 4692 17
