3109 5175
1186 366 1233 434 I
1273 359 1344 434 2.
1424 360 1698 437 10531).
2399 361 2541 439 421

334 536 684 613 blo—24,
730 537 1135 616 ⁶24—013,
1192 557 1385 603 unum
1441 560 1579 605 non
1636 560 1777 604 esse
1824 538 2238 606 substantiam
2283 538 2547 605 demon·

332 648 508 705 stret.
599 642 722 722 (⁶9
766 633 935 704 κατὰ
980 635 1101 721 τήν
1144 637 1408 721 οὐσίαν,
1463 645 1504 708 i.
1538 664 1593 708 e.
1640 642 1814 729 quod
1861 647 2085 709 attinet
2129 643 2211 709 ad
2256 642 2545 709 subs'tan-

333 745 502 823 tiam,
547 753 754 809 utrum
799 744 1191 810 substantiae
1237 744 1511 833 dignitas
1555 749 1781 812 unitati
1817 746 2157 813 tribuenda
2194 750 2281 812 sit
2317 768 2540 813 necne.

333 842 533 935 φύσις
587 858 796 913 autem
852 858 1165 934 tamquam
1211 870 1643 935 synonymum
1688 853 2099 940 coniungitur
2141 872 2283 916 cum
2328 846 2543 934 οὐσίᾳ,

336 971 411 1015 ea
453 952 519 1015 vi
556 949 855 1018 vocabuli
893 972 1057 1037 quae
1092 951 1438 1039 explicatur
1464 956 1519 1019 Δ
1549 955 1610 1018 4.
1648 956 1856 1020 1015·
1885 956 1986 1020 11.
2016 992 2096 1006 -
2128 956 2279 1020 ⁶14.
2340 951 2541 1036 Quod

331 1056 399 1117 in
441 1052 866 1140 proponenda
906 1059 1280 1140 quaestione
1320 1055 1617 1143 legimus:
1660 1059 1773 1123 καὶ
1814 1060 1953 1134 πῶς
1994 1057 2092 1122 δεῖ
2133 1060 2542 1145 γνωριμωτέ-

331 1180 461 1244 ρως
518 1158 849 1242 λεχθῆναι
898 1160 1011 1223 καὶ
1065 1160 1323 1241 μᾶλλον
1365 1155 1582 1246 ὥσπερ
1627 1163 1691 1226 οὶ
1734 1162 1882 1245 περὶ
1926 1156 2212 1249 φύσεως,
2270 1180 2403 1226 non
2449 1162 2540 1224 vi-

332 1260 521 1326 detur
563 1263 649 1326 ita
697 1260 776 1325 ab
824 1261 1170 1328 Aristotele
1206 1263 1398 1329 scribi
1438 1266 1746 1350 potuisse.
1817 1264 2138 1349 Quoniam
2181 1267 2347 1329 enim
2375 1283 2537 1329 non-

331 1362 488 1431 dum·
525 1363 930 1431 diiudicatum
979 1378 1075 1432 est
1116 1367 1231 1433 sed
1276 1370 1597 1434 etiamtum
1641 1372 1978 1454 quaeritur,
2022 1378 2164 1432 utra
2208 1365 2534 1431 statuendi

330 1471 497 1535 ratio
532 1471 839 1534 scientiae
876 1479 940 1535 et
971 1473 1223 1535 veritati
1253 1471 1793 1537 accommodatior
1820 1475 1904 1537 sit
1939 1474 2536 1556 (γνωριμωτέρως),

331 1593 466 1638 non
521 1583 739 1659 potest
794 1572 1026 1638 additis
1084 1574 1299 1640 verbis
1354 1578 1468 1640 καὶ
1516 1575 1778 1660 μᾶλλον
1820 1574 1955 1639 κτλ.
2000 1577 2123 1639 iam
2170 1572 2535 1662 significare

330 1676 740 1763 physicorum
797 1676 918 1743 sibi
975 1681 1287 1744 rationem
1331 1678 1538 1745 videri
1580 1681 1896 1744 veriorem
1941 1687 2008 1743 et
2049 1677 2131 1743 ad
2175 1699 2313 1742 eam
2357 1697 2533 1742 acee-

332 1780 486 1846 dere
545 1791 848 1867 oportere
907 1803 1077 1860 eum,
1134 1786 1243 1870 qui
1295 1786 1574 1849 scienter
1624 1804 1757 1848 rem
1816 1782 1971 1848 velit
2013 1782 2313 1849 iudicare.
2401 1778 2531 1846 Sed

330 1884 458 1949 hoc
499 1886 703 1970 ipsum
749 1889 815 1949 in
860 1889 1234 1972 quaestione
1277 1886 1648 1974 ponendum
1695 1897 1820 1964 est,
1876 1889 2061 1951 sicuti
2121 1888 2340 1974 posuit
2384 1882 2533 1949 Ale·

329 1986 571 2053 xander
598 1998 664 2076 pi
685 1990 836 2069 584,
862 1992 980 2055 29:
1023 1992 1136 2056 καὶ
1171 1993 1308 2068 πῶς
1341 1992 1439 2056 δεῖ
1475 1992 1978 2076 γνωριμωτέρως
2011 1989 2353 2072 λεχθῆναι,
2394 1976 2530 2072 ἆρα

329 2086 546 2174 ὥσπερ
593 2094 657 2157 οἱ
699 2096 848 2182 περὶ
884 2089 1141 2185 φύσεώς
1177 2115 1404 2185 φασιν.
1473 2093 1634 2159 Inde
1666 2096 1959 2180 suspicor
1985 2090 2383 2157 scribendum
2413 2112 2531 2177 po·

331 2199 455 2262 tius
488 2217 654 2261 esse:
690 2191 734 2276 ἢ
761 2199 1018 2281 μᾶλλον
1048 2194 1263 2283 ὥσπερ
1292 2198 1426 2263 κτλ.
1451 2236 1539 2249 --
1573 2200 1704 2263 1³15
1741 2199 1988 2287 φιλίαν,
2022 2193 2206 2282 ἀέρα,
2236 2191 2527 2281 ἄπειρον.

328 2303 620 2387 Respicit
661 2301 769 2365 Ar.
817 2301 1288 2389 Empedoclem,
1332 2304 1800 2380 Anaximenem,
1845 2298 2434 2378 Anaximandrum.)

464 2410 546 2486 α)
586 2406 936 2471 blo-24.
1028 2406 1204 2472 Nihil
1263 2407 1443 2494 quod
1482 2410 1782 2472 universe
1827 2404 1909 2470 de
1951 2403 2160 2469 multis
2204 2402 2528 2490 praedica-

328 2521 456 2589 tur,
500 2510 560 2573 b.
595 2531 650 2574 e.
694 2508 870 2574 nulla
913 2513 1098 2576 notio
1146 2510 1536 2591 universalis,
1589 2510 1981 2576 substantiae
2025 2507 2217 2573 habet
2259 2507 2527 2597 dignita·

328 2625 484 2692 tem,
540 2624 613 2679 ut
669 2613 1163 2681 demonstratum
1222 2626 1319 2680 est
1374 2620 1444 2681 ἐν
1499 2625 1639 2693 τοῖς
1689 2616 1838 2703 περὶ
1889 2611 2119 2690 οὐσίας
2163 2651 2243 2664 -
2290 2607 2526 2696 λόγοις,

328 2721 372 2783 i.
404 2741 461 2784 e.
501 2719 564 2783 Z
591 2719 703 2796 133
751 2721 900 2804 quin
936 2718 1063 2784 boc
1098 2723 1320 2806 ipsum,
1364 2719 1717 2785 substantia
1753 2722 1889 2805 ipsa
1938 2711 2141 2798 (αὐτὸ
2179 2718 2374 2783 τοῦτο
2413 2711 2525 2781 οὐ·

329 2825 449 2890 σία
488 2823 683 2903 hle),
739 2843 874 2888 non
934 2825 1176 2887 exsistit
1229 2835 1537 2908 tamquam
1597 2845 1793 2888 unum
1849 2820 2167 2907 quidpiam
2212 2831 2279 2886 et
2319 2822 2527 2884 seium

331 2937 499 2992 ctum
545 2938 797 3014 praeter
839 2927 1140 3014 singulas,
1183 2948 1348 3013 quae
1391 2929 1462 2991 in
1502 2949 1573 2991 re
1619 2949 1694 2990 ac
1729 2928 1993 2991 veritate
2033 2934 2194 3001 sunt,
2236 2922 2527 2988 substan·
2566 2949 2575 2954 ·

329 3035 481 3110 tias,
539 3029 846 3116 siquidem
905 3035 1320 3097 communiter
1363 3029 1442 3102 de
1487 3030 1781 3096 omnibus
1828 3027 2244 3115 praedicatur.
2333 3027 2527 3112 Atqui

333 3138 539 3201 unitas
597 3139 834 3221 pariter
891 3147 1078 3221 atque
1135 3137 1340 3222 ipsum
1402 3157 1538 3201 esse
1595 3127 1711 3214 (τὸ
1758 3127 1874 3212 ὅν)
1934 3133 2387 3218 quummaxime
2444 3128 2526 3194 de

331 3238 626 3305 omuibus
672 3241 965 3304 universe
1010 3238 1475 3325 praedicantur.
1564 3241 1740 3326 Ergo
1799 3241 2004 3303 unitas
2060 3258 2188 3303 non
2243 3243 2339 3300 est
2378 3232 2525 3298 sub-

329 3349 580 3409 stantia.
628 3380 708 3394 —
770 3340 1055 3406 Eandem
1101 3345 1656 3408 ratiocinationem
1700 3343 2004 3428 deinceps
2050 3340 2267 3428 paullo
2311 3341 2527 3403 immu-

333 3451 478 3512 tatis
522 3447 736 3512 verbis
780 3451 970 3512 iterat
1013 3458 1077 3511 et
1120 3456 1327 3534 auget,
1368 3446 1713 3524 ⁶21-24,
1755 3445 1926 3511 hunc
1968 3448 2034 3509 in
2078 3444 2363 3509 modumz
2418 3462 2529 3529 ge·

330 3574 484 3617 nera
543 3574 754 3617 rerum
813 3572 947 3616 non
1002 3561 1275 3637 possunt
1331 3550 1543 3614 baberi
1602 3570 1721 3635 pro
1769 3550 2006 3613 naturis
2051 3559 2117 3613 et
2157 3546 2527 3612 substantiis

331 3659 662 3722 seiunctim
702 3654 1172 3730 exsistentibus3
1218 3674 1410 3720 unum
1447 3664 1654 3719 autem
1694 3675 1882 3738 quum
1921 3655 2156 3738 pariter
2187 3660 2379 3734 atque
2408 3667 2527 3713 ens

331 3781 416 3823 ne
457 3781 662 3847 genus
709 3757 960 3845 quidem
1007 3780 1214 3824 rerum
1260 3761 1367 3836 sit,
1419 3756 1594 3844 quod
1641 3767 1962 3821 ostensum
2009 3767 2106 3821 est
2148 3754 2214 3818 B
2253 3755 2314 3817 3.
2356 3753 2527 3818 998⁶

330 3864 419 3926 22
458 3884 620 3948 sqq„
676 3883 757 3927 eo
811 3866 1014 3927 minus
1059 3861 1447 3928 substantiae
1492 3860 1862 3949 dignitatem
1904 3860 2025 3925 sibi
2067 3867 2284 3947 potest
2323 3855 2528 3921 vindi-

332 3989 497 4032 care.
580 3969 745 4047 (⁶16
791 3971 848 4030 εὶ
889 3967 970 4031 δὲ
1014 3967 1238 4050 μηθὲν
1279 3968 1414 4032 κτλ.
1499 3966 1715 4051 Quum
1761 3966 1840 4030 ab
1886 3964 1982 4028 his
2028 3963 2239 4030 verbis
2283 3962 2527 4026 Aristo-

332 4070 494 4135 teles
527 4070 815 4135 ordiatur
844 4067 1095 4134 demum
1137 4073 1766 4160 argumentationem,
1810 4066 2116 4155 particula
2152 4065 2527 4154 opponendi

329 4196 553 4261 parum
584 4174 836 4240 videtur
866 4185 1042 4259 apta;
1078 4174 1192 4238 sed
1225 4177 1522 4260 quoniam
1553 4176 1814 4261 respicit
1840 4171 1921 4237 ad
1952 4193 2044 4263 ea,
2078 4159 2526 4258 quae-aliunde

332 4287 489 4344 nota
535 4290 606 4343 ut
650 4262 822 4342 cert'a
869 4288 932 4342 et
973 4276 1154 4342 firma
1199 4289 1542 4365 ponuntur,
1585 4280 1915 4365 scripsisse
1946 4297 2087 4342 eum
2124 4275 2424 4340 arbitror:
2473 4278 2529 4338 si

334 4375 430 4461 δὴ
474 4384 719 4466 μηθέν.
797 4382 978 4446 Hanc
1020 4381 1389 4468 particulam
1430 4385 1615 4446 etiam
1648 4378 2068 4447 Alexandrum
2106 4381 2405 4442 coniicias
2441 4377 2527 4442 le-

332 4487 505 4574 gisse
537 4509 600 4573 p.
624 4487 773 4565 585,
805 4488 873 4552 7:
919 4490 972 4550 εὶ
1010 4481 1105 4564 δὴ
1139 4523 1225 4536 -
1258 4487 1483 4571 μηθὲν
1516 4488 1646 4551 τῶν
1678 4481 1989 4550 καθόλου
2019 4478 2215 4547 οὐσία
2246 4484 2484 4561 ἐστίν.)
