3109 5175
582 375 726 451 374
1412 377 1496 446 H
1535 373 1608 448 6.
1689 371 1875 448 1045
1889 396 1956 446 α.

583 552 774 618 latins
830 560 1054 638 patere
1113 549 1454 616 viderimus
1499 548 1832 616 formulam
1876 548 1998 614 τοῦ
2043 550 2112 614 ἔκ
2155 569 2331 624 τινος
2375 568 2561 634 quam
2606 556 2800 613 mate·

585 661 720 722 riae
763 658 1095 721 notionem
1140 654 1261 733 (cf.
1301 655 1383 722 ad
1424 657 1487 720 4.
1526 655 1738 720 1044«
1774 654 1920 734 23),
1962 673 2099 717 non
2143 654 2231 716 ita
2279 661 2376 717 est
2432 650 2802 740 intelligen-

586 760 755 838 dum,
801 781 878 823 ac
906 761 959 822 si
989 762 1202 823 vinum
1234 762 1316 823 sit
1345 761 1524 835 aceti,
1563 762 1745 823 vivus
1775 759 2009 822 mortni
2036 757 2327 830 materia3
2375 777 2585 842 neque
2616 757 2803 833 enim,

584 885 750 950 quae
797 873 894 927 est
937 866 1237 928 materiae
1283 884 1358 927 ac
1401 865 1733 948 potentiae
1791 859 1872 924 ad
1923 861 2191 924 formam
2236 870 2571 946 actumque
2616 861 2803 936 ratio,

586 967 916 1054 perficitur
961 966 1062 1030 vel
1109 975 1583 1031 consummatur
1628 967 1841 1047 vinum
1888 984 1967 1028 eo
2016 961 2191 1048 quod
2234 961 2387 1028 inde
2425 973 2670 1029 acetum
2709 961 2804 1040 fit,

585 1094 795 1157 neque
853 1072 1049 1135 homo
1102 1072 1285 1134 vivus
1330 1089 1412 1134 eo
1458 1067 1633 1154 quod
1679 1072 1962 1133 moritur.
2054 1068 2252 1131 Immo
2298 1068 2516 1151 potins
2562 1076 2806 1131 mate·

586 1178 705 1240 ria
731 1178 882 1239 ·vivi
927 1175 1229 1259 hominia,
1271 1182 1584 1258 quatenus
1629 1171 1712 1236 ad
1757 1173 2081 1236 interitum
2124 1170 2354 1257 vergit,
2392 1162 2568 1233 κατὰ
2613 1170 2805 1258 φθο-

585 1275 713 1365 ράν
753 1281 864 1353 al,
913 1269 1085 1340 κατὰ
1129 1270 1545 1361 συμβεβηκός
1583 1277 1742 1352 ῠ36,
1786 1274 1865 1339 cf.
1908 1274 2072 1352 ⁶33,
2118 1273 2340 1339 eadem
2388 1275 2573 1338 etiam
2620 1271 2806 1336 cada-

587 1385 756 1446 veris
817 1389 914 1445 est
967 1382 1257 1457 materia,
1314 1400 1433 1443 nec
1488 1398 1645 1443 vero
1709 1381 1851 1465 ipse
1896 1378 2090 1443 homo
2133 1381 2348 1454 vivus;
2405 1397 2528 1441 nec
2569 1379 2805 1454 vinnm,

586 1482 702 1549 sed
748 1486 1010 1548 materia
1054 1485 1202 1561 vini,
1252 1486 1294 1547 i.
1328 1504 1382 1546 e.
1429 1502 1594 1567 aqua
1639 1485 1775 1546 aive
1818 1491 2042 1547 natura
2088 1479 2357 1567 liquida,
2401 1484 2659 1546 materia
2706 1491 2808 1545 est

589 1591 771 1652 aceti.
867 1589 951 1651 Et
997 1607 1071 1650 ex
1114 1588 1371 1671 potiore
1417 1584 1671 1672 quidem
1716 1585 1918 1650 forma
1964 1587 2304 1664 continuo,
2359 1605 2568 1670 neque
2612 1587 2808 1649 inter-

588 1690 860 1757 cedente
905 1689 1033 1754 alio
1080 1709 1427 1775 quoquam,
1473 1692 1775 1754 transitur
1817 1687 1898 1753 ad
1945 1687 2355 1767 deteriorem,
2401 1710 2437 1752 a
2484 1688 2808 1752 deteriore

591 1805 800 1859 autem
847 1792 928 1858 ad
975 1796 1323 1880 potiorem,
1380 1792 1582 1858 veluti
1628 1792 1707 1857 ab
1754 1800 1938 1857 aceto
1986 1792 2069 1859 ad
2110 1795 2356 1870 vinnm,
2414 1794 2500 1857 ita
2548 1801 2810 1873 tantum,

591 1908 668 1964 nt
710 1906 898 1962 antea
944 1918 1048 1962 res
1093 1894 1204 1960 illa
1248 1899 1314 1960 in
1362 1895 1674 1961 elementa
1719 1917 1834 1961 sua
1877 1895 2263 1973 resolvatun
2327 1903 2490 1982 quae
2546 1894 2806 1980 quidem

589 2005 950 2068 necessaria
1008 1998 1322 2066 resolutio
1380 2003 1744 2067 testimonio
1803 2009 2060 2088 poterat
2117 2020 2287 2077 esse,
2344 2019 2478 2067 non
2530 2002 2599 2063 in
2654 2020 2808 2065 con-
2873 2005 2884 2014 '

589 2115 760 2170 creta
807 2128 947 2170 cum
994 2103 1191 2170 altera
1239 2113 1378 2168 utra
1425 2104 1626 2169 forma
1684 2106 1941 2169 materia
2000 2101 2504 2181 subsistendum,
2560 2102 2679 2167 sed
2723 2101 2805 2167 ad

590 2212 790 2295 ipsam
837 2231 955 2295 per
997 2230 1067 2273 se
1112 2210 1434 2273 materiam
1479 2207 1874 2273 redeundum
1922 2228 2082 2285 eane,
2126 2207 2232 2275 ubi
2277 2206 2360 2274 de
2395 2209 2659 2273 materia
2696 2227 2808 2295 ge-

591 2315 940 2378 nerationis
986 2311 1253 2377 alicuius
1297 2311 1398 2376 vel
1447 2313 1736 2377 interitus
1783 2313 2011 2400 agitur.

1480 2563 1712 2640 CAP.
1785 2564 1915 2640 VI.

722 2712 805 2789 4)
850 2709 1283 2798 Definitiom',
1335 2732 1418 2773 ex
1453 2708 1755 2795 plan-ibn·
1798 2712 1973 2775 notia
2016 2714 2444 2796 compositae,
2505 2735 2675 2800 quae
2717 2714 2807 2778 eit

590 2836 796 2879 cauea
840 2815 1137 2894 unitatis,
1186 2814 1397 2878 104511
1434 2816 1472 2877 7
1497 2816 1745 2879 —1223.

725 2933 1050 2998 Tractavit
1096 2933 1258 2998 hanc
1301 2936 1744 3019 quaestionem
1789 2936 1897 2999 Ar.
1945 2935 2008 2998 Z
2043 2934 2158 3010 12;
2212 2933 2496 3000 eiusdem
2542 2936 2808 2998 mentio-

591 3056 736 3101 nem
780 3039 1009 3101 iterum
1054 3037 1205 3101 fecit
1248 3039 1336 3101 H
1367 3039 1431 3102 3.
1481 3040 1690 3103 1044ae
1729 3041 1799 3116 3,
1858 3038 1969 3103 ubi
2015 3037 2099 3104 de
2144 3036 2518 3104 notionibus
2565 3038 2645 3103 ad
2693 3059 2808 3103 nu-

589 3160 806 3203 meros
837 3161 871 3204 a
905 3138 1251 3205 Platonicis
1280 3139 1554 3206 redactis
1587 3140 1887 3228 disputat.
1954 3141 2055 3208 lbi
2100 3144 2401 3227 quoniam
2449 3144 2804 3228 composita

593 3253 689 3306 est
719 3263 1121 3308 numerorum
1151 3248 1360 3309 unitas
1394 3266 1531 3309 cum
1570 3249 1813 3311 unitate
1850 3249 2204 3325 notionum,
2240 3257 2309 3311 ut
2344 3268 2507 3331 quae
2538 3246 2803 3312 eandem

589 3349 913 3431 requirant
959 3347 1459 3433 explicationem,
1507 3369 1589 3413 eo
1635 3350 1868 3415 factum
1918 3360 2029 3427 est,
2083 3361 2153 3414 ut
2201 3350 2305 3415 hic
2349 3353 2565 3428 etiam,
2612 3353 2808 3434 respi-

590 3452 767 3514 ciens
810 3450 981 3515 illam
1027 3453 1412 3517 mentionem
1460 3450 1789 3540 (ἀπορίας
1831 3456 1949 3532 τῆς
1992 3457 2428 3542 εἰρημένης
2464 3456 2618 3533 07),
2664 3475 2805 3518 cum

587 3553 962 3618 notionibus
1009 3575 1309 3620 numeros
1352 3554 1538 3622 simul
1577 3561 1943 3644 coniungat,
1987 3579 2357 3643 quamquam
2394 3561 2532 3643 ipsa
2568 3556 2807 3622 deinde

588 3654 967 3741 disputatio,
1027 3660 1276 3723 omissis
1322 3663 1627 3737 numeris,
1687 3664 1874 3726 unice
1930 3664 1997 3725 in
2044 3661 2418 3747 explicanda
2465 3665 2805 3728 notionum

587 3763 829 3825 unitate
886 3771 1193 3828 versatur.
1284 3765 1509 3850 (περὶ
1568 3764 1637 3828 δὲ
1692 3763 1812 3842 τῆς
1869 3760 2156 3850 ἀπορίας
2204 3766 2371 3842 κτλ,
2428 3766 2489 3830 h.
2522 3787 2578 3830 e.
2628 3764 2806 3851 quod

586 3866 815 3929 attinet
856 3865 940 3929 ad
986 3868 1440 3951 quaestionem,
1487 3867 1569 3930 cf.
1616 3866 1923 3934 Matthiae
1968 3890 2063 3956 gr.
2102 3867 2216 3935 Gr.
2264 3868 2322 3954 §.
2352 3870 2547 3950 589.)

724 3967 819 4032 Ac
862 3972 1132 4056 primum
1180 3968 1458 4056 quidem,
1500 3971 1828 4047 «ιθ-14,
1872 3976 2350 4038 necessario
2397 3975 2617 4058 quaeri
2661 3995 2806 4040 cau-

585 4091 716 4133 sam
764 4075 1020 4138 unitatis
1067 4071 1489 4152 demonstrat,
1546 4096 1738 4160 quum
1797 4078 2128 4142 notionem
2176 4098 2251 4141 ex
2295 4075 2584 4162 pluribus
2630 4079 2805 4141 notia

587 4194 720 4239 non
756 4187 1125 4264 congestam
1165 4188 1406 4244 temere
1441 4174 1629 4255 (οἷον
1665 4175 1878 4262 σωρός
1910 4183 2020 4259 «9,
2058 4177 2137 4244 cf.
2175 4179 2257 4246 ad
2287 4182 2351 4244 Z
2373 4182 2477 4246 16.
2512 4183 2716 4248 104οὺ
2740 4183 2804 4247 9.

587 4313 667 4328 -
716 4275 1032 4365 καθάπερ
1077 4277 1119 4360 ἡ
1169 4277 1354 4356 ’stade
1394 4285 1547 4360 ⁶16,
1594 4282 1673 4348 cf.
1712 4282 1793 4348 ad
1833 4284 1897 4346 Z
1927 4286 1986 4348 4.
2029 4285 2238 4350 1030·
2263 4286 2363 4366 9),
2409 4283 2525 4350 sed
2562 4287 2630 4349 in
2664 4287 2805 4352 uni-

586 4392 780 4446 tatem
825 4382 1140 4448 coaluisse
1198 4384 1376 4463 (ἔστι
1418 4407 1483 4449 τι
1524 4379 1605 4450 τὸ
1651 4383 1813 4453 ὅλον
1854 4381 2077 4474 παρὰ
2120 4383 2207 4452 ταὶ
2248 4383 2454 4474 μόρια
2496 4391 2663 4466 alo,
2722 4389 2801 4453 cf.
2880 4435 2887 4442 ·

582 4484 646 4549 3.
692 4486 893 4596 lql3b
931 4489 1034 4551 11.
1091 4488 1153 4552 Z
1192 4490 1296 4556 17.
1344 4489 1548 4555 10416
1589 4493 1714 4573 17)
1761 4501 2080 4578 appareat,
2127 4513 2248 4558 nec
2292 4501 2503 4558 umen
2548 4490 2681 4558 una
2727 4512 2803 4560 ex
