3109 5175
524 343 673 418 262
1329 347 1400 418 A
1454 344 1567 418 15.
1653 343 1832 418 1021
1857 345 1921 417 b.

528 520 703 588 modi
746 531 842 585 est
886 514 959 585 τὸ
1003 516 1354 609 μετρητόν,
1397 515 1475 587 τὸ
1520 517 1894 601 ἐπιστητόν,
1941 517 2015 587 τὸ
2060 518 2446 602 διανοητόν,
2503 515 2580 587 τὸ
2625 527 2729 588 αὶ-

529 619 814 705 σθητόν,
857 623 924 688 id
968 646 1174 713 genus
1218 625 1360 690 alia.
1435 627 1686 691 Etenim
1729 622 1808 692 τὸ
1852 621 2206 705 διανοητόν
2249 628 2314 689 in
2360 646 2600 714 genere
2631 647 2729 690 re-

526 727 725 793 lativo
772 731 1050 816 ponitur,
1097 732 1245 816 quia
1289 725 1554 797 διάνοια
1593 730 1674 795 ad
1712 735 1917 818 ipsum
1951 729 2249 806 refertum
2296 733 2349 794 si
2388 751 2546 794 vero
2584 724 2730 793 διά-

525 855 719 900 νοιαν
764 832 1032 899 definire
1076 832 1385 912 volueris,
1431 856 1564 899 non
1611 834 1842 900 dixeris
1888 856 2024 899 eam
2069 834 2295 899 referri
2339 832 2421 898 ad
2462 825 2541 897 τὸ
2586 834 2731 898 δια·

527 933 771 1016 νοητόν
826 939 1030 1017 (0312
1104 935 1221 1004 οὐκ
1277 940 1411 1004 ἔστι
1448 936 1532 1002 ιδ’
1571 937 1613 1018 ἡ
1667 934 1930 1004 διάνοια
1984 933 2150 1022 πρὸς
2204 939 2401 1003 τοῦτο
2459 929 2538 1003 οὗ
2592 939 2731 1003 ἐστὶ

531 1037 824 1118 διάνοια,
868 1046 911 1106 i.
945 1064 1002 1106 e.
1044 1035 1211 1127 πρὸς
1254 1037 1329 1107 τὸ
1373 1039 1799 1122 διανοητόν),
1853 1045 1939 1108 ita
1985 1046 2149 1106 enim
2194 1045 2261 1106 in
2308 1040 2547 1108 circulo
2592 1061 2731 1107 ver-

532 1149 760 1211 sareris
806 1158 871 1210 et
915 1145 1010 1210 bis
1056 1145 1225 1210 idem
1273 1144 1543 1225 dicere-⁶1,
1608 1145 1724 1211 sed
1782 1144 1863 1209 ad
1921 1158 2152 1211 certam
2211 1146 2522 1232 quandam
2578 1168 2729 1212 rem.

534 1250 690 1313 Item
751 1243 826 1313 τὸ
885 1245 1131 1336 ὁρατόν
1187 1249 1519 1315 relativum
1582 1261 1705 1328 est,
1762 1252 1910 1336 quia
1969 1249 2049 1314 ad
2107 1254 2312 1337 ipsum
2370 1252 2643 1316 refertur
2688 1248 2729 1329 ἡ

535 1346 719 1442 ὅψιςε
780 1365 1002 1418 contra
1046 1358 1099 1418 si
1146 1353 1307 1444 ὄψιν
1352 1353 1621 1419 definire
1669 1358 2049 1441 susceperiS,
2104 1376 2243 1420 non
2299 1355 2528 1420 dixeris
2573 1349 2733 1441 ὄψιν
2832 1392 2844 1400 ·

535 1456 755 1522 referri
799 1457 881 1522 ad
928 1453 1003 1523 τὸ
1047 1455 1320 1547 ὁρατόν,
1373 1481 1744 1546 quamquam
1790 1470 1853 1523 et
1896 1459 2024 1523 hoc
2065 1481 2283 1525 verum
2329 1471 2449 1536 est,
2491 1457 2609 1524 sed
2651 1457 2733 1523 ad

538 1560 820 1627 colorem
866 1561 968 1627 vel
1014 1562 1217 1628 simile
1259 1562 1598 1650 quidpiam.
1676 1562 1913 1628 Eadem
1945 1561 2350 1653 reliquorum,
2393 1585 2555 1650 quae
2584 1583 2738 1628 enu-

535 1677 772 1730 merata
816 1678 993 1745 sunt,
1046 1670 1167 1732 τοῦ
1205 1670 1560 1754 μετρητοῦ,
1608 1669 1728 1732 τοῦ
1770 1670 2148 1747 ἐπιστητοῦ,
2192 1671 2387 1744 ratim
2444 1670 2737 1733 nimirum

537 1771 605 1834 in
660 1771 787 1835 hoc
841 1770 1172 1836 relationis
1226 1793 1465 1859 genere
1521 1791 1657 1835 non
1714 1768 1959 1835 alterna
2018 1781 2085 1835 et
2137 1784 2354 1838 mutua
2398 1770 2737 1837 intercedit

537 1876 702 1939 inter
745 1874 901 1941 duas
944 1876 1272 1942 relationis
1317 1885 1531 1961 partes
1579 1873 1976 1952 vicissitudo,
2034 1887 2106 1940 ut
2158 1879 2487 1963 utriusque
2542 1878 2737 1963 partis

539 1988 760 2043 natura
808 2002 924 2066 per
968 1984 1166 2067 ipsam
1210 1977 1583 2043 relationem
1631 1977 1998 2058 definiatur,
2053 1980 2168 2045 sed
2212 1980 2409 2046 altera
2454 1989 2551 2045 est
2594 1979 2738 2044 sub-

539 2086 766 2147 stantia
824 2106 939 2170 per
994 2106 1093 2162 se,
1151 2082 1348 2148 altera
1405 2087 1591 2148 unice
1636 2086 1700 2147 in
1747 2083 2060 2148 relatione
2104 2106 2280 2150 suam
2324 2083 2518 2149 habet
2558 2094 2740 2149 natu-

540 2207 688 2250 ram.
717 2224 797 2237 ——
833 2187 1035 2252 Aliam
1065 2187 1127 2250 h.
1155 2187 1196 2252 l.
1227 2189 1816 2273 interpretationem
1849 2188 2100 2253 exhibet
2130 2188 2304 2253 Alex.
2340 2212 2403 2275 p.
2424 2190 2556 2254 372
2585 2209 2738 2274 sqq„

542 2311 727 2374 quem
771 2302 1026 2355 secutus
1073 2304 1169 2356 est
1211 2289 1673 2378 SchwegleruS.
1763 2292 1815 2355 Ii
1874 2295 2039 2357 enim
2095 2296 2418 2381 genitivos
2476 2281 2557 2357 οὗ
2600 2291 2741 2356 ἐστὶ

543 2389 803 2459 διάνοια
840 2397 996 2472 α32,
1040 2386 1120 2462 οὗ
1162 2397 1339 2461 ἐστὶν
1384 2388 1540 2478 ὄψις
1575 2398 1679 2472 bl,
1721 2397 1782 2472 3,
1828 2417 1960 2460 non
2004 2401 2305 2475 neutrius,
2350 2395 2465 2462 sed
2501 2417 2742 2460 mascu-

544 2485 658 2562 lini
713 2503 968 2587 generis
1026 2521 1168 2566 esse
1222 2501 1370 2576 rati,
1430 2499 1602 2564 hunc
1656 2503 1724 2564 in
1780 2500 2035 2566 modum
2093 2500 2289 2565 verba
2344 2502 2743 2589 interpretati

545 2612 718 2668 sunt:
764 2607 1215 2693 cogitationem
1259 2625 1394 2669 non
1438 2605 1663 2669 referri
1706 2604 1787 2669 ad
1827 2607 2143 2671 hominem
2181 2608 2583 2695 cogitantem,
2625 2602 2742 2669 sed

545 2706 627 2770 ad
670 2730 804 2773 rem
851 2713 1220 2798 cogitatam,
1279 2730 1355 2773 ac
1410 2709 1679 2796 perinde
1730 2713 2037 2774 visionem
2084 2708 2198 2775 rel.
2287 2709 2486 2796 Quod
2532 2732 2743 2795 quam-

545 2832 728 2896 quam
774 2836 893 2900 per
935 2817 1070 2899 ipsa
1115 2814 1273 2878 haee
1314 2812 1507 2878 verba
1553 2813 1696 2878 fieri
1742 2813 1917 2892 licet,
1973 2826 2181 2879 tamen
2233 2818 2320 2878 ita
2364 2836 2488 2879 nec
2529 2814 2744 2879 discri-

544 2936 690 2980 men
747 2916 930 2982 huius
986 2920 1241 3005 generis
1297 2939 1334 2982 a
1390 2918 1828 3005 superioribus
1887 2918 2172 2995 duobus,
2228 2922 2321 3002 τῷ
2369 2914 2532 2983 ἄλλο
2578 2916 2744 3001 πρὸς

481 3070 490 3079 .
545 3023 750 3085 ἐκεῖνο
793 3022 1114 3104 λέγεσθαι
1154 3023 1313 3100 ⁶28,
1358 3044 1479 3087 nec
1522 3023 1699 3108 quod
1745 3022 1924 3087 dicit:
1971 3023 2070 3099 δὶς
2112 3016 2240 3109 γὰρ
2285 3017 2529 3089 ταύτὸν
2572 3027 2747 3109 εἰρη-

544 3127 745 3207 μένον
789 3116 876 3188 ἂν
918 3122 1015 3203 εἴη
1057 3127 1194 3191 ⁶32
1240 3124 1537 3212 explicari
1584 3140 1817 3214 potest.
1886 3126 2095 3212 Quam
2140 3126 2430 3213 equidem
2463 3123 2610 3189 dedi
2642 3146 2746 3188 ex·-

545 3224 969 3312 plicationem,
1015 3229 1281 3294 eandem
1325 3234 1598 3297 instituit
1644 3230 1946 3296 Trendel.
1994 3232 2137 3296 Kat.
2185 3255 2247 3318 p.
2285 3233 2413 3297 123
2458 3229 2576 3311 (cf.
2610 3230 2650 3294 1
2680 3232 2741 3294 6.

550 3331 754 3397 10561»
794 3333 901 3397 34.
963 3334 1129 3420 Top.
1186 3335 1273 3399 VI
1318 3337 1378 3402 4.
1428 3338 1594 3402 142⁶
1630 3338 1788 3418 29);
1845 3346 2122 3400 ceterum
2166 3357 2320 3400 num
2363 3333 2555 3422 plane
2599 3354 2747 3421 pro-

545 3433 754 3501 banda
811 3440 895 3502 sit
947 3436 1106 3502 haec
1149 3439 1552 3506 Aristotelica
1597 3438 1929 3504 relationis
1975 3438 2328 3518 distinctio,
2384 3442 2521 3504 iure
2566 3437 2746 3504 dubi-

548 3550 664 3604 tes·
738 3541 987 3606 Etenim
1034 3563 1342 3628 ponamus
1389 3566 1522 3609 rem
1569 3544 1835 3630 aliquam
1880 3566 1998 3630 per
2039 3566 2109 3608 se
2154 3554 2218 3608 et
2267 3541 2561 3608 absolute
2592 3561 2747 3619 esse,

548 3642 666 3710 sed
710 3645 1002 3730 profecto
1047 3668 1120 3711 ea
1173 3646 1412 3713 scibilis
1470 3647 1578 3713 vel
1635 3648 1994 3737 cogitabilis
2046 3645 2150 3712 vel
2207 3646 2523 3713 sensibilis
2583 3656 2748 3711 eate-

549 3759 734 3814 tenus
779 3760 902 3826 est,
961 3761 1270 3835 quatenus
1317 3765 1382 3816 et
1424 3756 1565 3839 ipsa
1610 3752 1692 3817 ad
1737 3755 2059 3817 scientiam
2107 3754 2562 3841 cogitationem
2605 3771 2749 3817 sen-

550 3873 703 3930 sum,
750 3864 817 3917 et
860 3855 1124 3919 scientia
1168 3854 1274 3920 vel
1318 3859 1627 3943 cogitatio
1673 3855 1777 3922 vel
1819 3878 2042 3921 sensus
2087 3856 2169 3921 ad
2214 3860 2412 3943 ipsam
2457 3854 2750 3931 refertur,

554 3955 631 4020 cf.
676 3957 744 4020 Γ
773 3958 833 4022 5.
883 3959 1084 4024 lomb
1119 3962 1208 4027 30
1247 3980 1382 4047 sqq.
1428 3996 1507 4012 -
1557 3961 1662 4026 De
1707 3959 2097 4026 emendanda
2137 3959 2416 4027 lectione
2452 3958 2625 4048 vulg.
2663 3960 2751 4024 ⁴3

553 4059 871 4147 disputavi
911 4062 1073 4129 obs.
1119 4087 1183 4151 p.
1213 4066 1319 4130 54.

684 4166 769 4247 d)
818 4168 1021 4232 1021&
1058 4169 1323 4234 3—-11,
1396 4171 1576 4234 Haec
1620 4173 1829 4233 omnia
1876 4172 1963 4234 ait
2006 4191 2122 4256 per
2164 4192 2235 4235 se
2282 4190 2422 4234 esse
2464 4163 2632 4255 πρός
2667 4190 2752 4231 τι.

553 4269 724 4337 Alibi
769 4272 820 4338 I
854 4274 898 4338 6
943 4271 986 4336 l.
1029 4270 1075 4337 l.
1120 4291 1252 4336 non
1302 4294 1444 4338 esse
1487 4272 1627 4338 vult
1667 4268 1833 4361 πρός
1876 4296 1940 4337 τι
1980 4271 2145 4339 καθ’
2184 4269 2374 4351 αὑτά,
2422 4274 2545 4336 nisi
2591 4291 2753 4357 quae

553 4387 702 4442 sunt
757 4400 831 4442 ex
885 4378 1102 4464 primis
1158 4373 1282 4440 illis
1341 4376 1596 4443 duobus
1654 4376 2013 4466 generibus.
2073 4416 2153 4430 —
2218 4375 2556 4443 Accedunt
2613 4374 2754 4453 alia,

554 4502 716 4566 quae
759 4494 1101 4569 propterea
1156 4502 1275 4567 per
1321 4503 1392 4546 se
1435 4493 1584 4548 sunt
1626 4480 1918 4559 relativa,
1977 4485 2123 4567 quia
2167 4503 2402 4572 genus,
2462 4483 2562 4547 cui
2608 4488 2758 4546 sunt
