3109 5175
596 347 736 423 160
1415 349 1488 421 Β
1536 346 1608 420 4.
1691 345 1880 423 1000
1893 359 1960 421 ο.

589 546 723 591 non
759 534 990 610 potest,
1035 546 1148 590 cur
1183 546 1260 589 ex
1295 525 1623 610 principiis
1660 527 1901 610 pariter
1942 527 2221 590 aeternis
2264 524 2459 590 modo
2501 536 2798 591 aeternae

588 651 691 694 res
735 632 1080 715 gignantur
1115 625 1311 691 modo
1343 628 1548 693 fluxae
1590 639 1655 693 et
1693 629 2594 708 intereuntes,b23-1001a
2620 632 2683 696 3.
2712 667 2798 684 --

588 732 873 800 Solvisse
928 730 1049 796 sibi
1103 730 1358 796 videtur
1413 734 1578 797 hanc
1633 737 2069 819 quaestionem
2116 733 2494 799 Aristoteles
2554 755 2628 797 ea
2674 732 2798 798 dis-

587 841 940 924 putatione,
985 857 1147 922 quae
1194 837 1557 902 continetur
1598 835 1765 903 libro
1805 839 1897 915 A,
1944 837 2022 902 cf.
2068 841 2144 902 A
2177 840 2280 904 10.
2325 840 2532 904 1075⁶
2569 840 2670 903 13.
2715 836 2799 903 de

588 940 778 1007 coelo
824 941 913 1005 111
961 944 1022 1006 7.
1064 942 1234 1005 306α
1270 943 1333 1004 9.

723 1047 1001 1111 1000419
1037 1038 1339 1120 πάντες
1375 1038 1566 1109 ὅσοι
1602 1040 2024 1127 θεολόγοι.
2090 1043 2471 1133 Theologos
2508 1066 2669 1130 quos
2708 1045 2799 1110 di-

590 1159 693 1214 cat
736 1149 898 1213 infra
945 1151 1083 1234 ipse
1129 1146 1474 1235 significat,
1526 1168 1718 1232 quum
1764 1148 2024 1214 eosdem
2071 1148 2353 1236 appellat
2394 1142 2548 1226 τοὺς
2590 1151 2800 1233 μυθι-

586 1256 713 1329 κῶς
769 1251 1258 1341 σοφιζομένους.
1356 1252 1408 1315 Ii
1465 1253 1663 1338 igitur
1718 1252 2052 1317 Aristoteli
2109 1265 2257 1318 sunt
2312 1252 2636 1341 theologi,
2691 1256 2799 1338 qui

588 1358 1031 1441 antiquissimis
1089 1354 1482 1441 temporibus
1540 1365 1688 1419 ante
1748 1364 2030 1420 exortam
2080 1360 2280 1443 ipsam
2324 1356 2799 1443 philosophiam

587 1459 970 1526 carminibus
1018 1469 1441 1544 exposuerant
1491 1479 1653 1544 quae
1700 1459 1782 1524 de
1826 1481 2034 1524 rerum
2079 1471 2306 1525 natura
2349 1464 2682 1540 sentirent,
2733 1471 2800 1525 et

587 1563 853 1628 deorum
898 1568 1154 1628 numina
1196 1567 1616 1629 immiscentes
1657 1585 1866 1628 rerum
1901 1563 2278 1649 naturalium
2318 1567 2673 1652 cognitioni
2709 1563 2797 1628 fa-

487 1676 498 1689 “
589 1667 876 1732 bularum
915 1668 1264 1733 involucris
1295 1671 1393 1732 usi
1425 1677 1623 1743 erant,
1667 1689 1803 1731 non
1847 1668 2219 1733 notionibus
2265 1679 2333 1736 et
2371 1670 2797 1732 ratiocinatio·

586 1772 792 1836 nibus.
855 1771 1142 1836 Eandem
1174 1771 1359 1836 huius
1392 1770 1690 1835 vocabuli
1719 1775 1845 1836 vim
1878 1792 2234 1859 cognosces
2263 1775 2339 1839 A
2363 1775 2422 1838 6.
2459 1773 2663 1838 10716
2687 1774 2795 1836 27.

589 1877 692 1941 10.
732 1876 931 1940 {075⁶
956 1877 1061 1939 26.
1109 1877 1186 1941 N
1209 1877 1270 1939 4.
1304 1877 1514 1941 10914
1539 1878 1625 1940 34
1657 1875 1765 1954 (cf.
1797 1874 1877 1940 ad
1908 1876 1967 1940 h.
1998 1873 2090 1956 1.).
2135 1875 2411 1941 Meteor.
2442 1876 2500 1940 11
2536 1878 2592 1940 1.
2624 1877 2797 1941 353α

584 1980 693 2045 35.
753 1978 834 2042 cf.
873 1976 1084 2042 ldeler
1125 1978 1282 2043 Met.
1326 1980 1402 2043 ΙΙ.
1446 2002 1510 2065 p.
1539 1979 1690 2045 582.

720 2083 930 2146 10004
956 2084 1039 2147 15
1084 2079 1279 2167 ὑπὲρ
1325 2080 1532 2166 ἡμᾶς
1570 2084 1612 2146 i.
1644 2103 1701 2147 e.
1738 2104 1923 2169 supra
1962 2082 2450 2169 intelligentiam
2488 2092 2792 2147 nostram.

585 2184 665 2249 cf.
711 2186 854 2250 Eth.
902 2187 984 2249 N.
1026 2185 1058 2249 1
1102 2187 1166 2249 2.
1219 2186 1426 2252 1095«
1465 2188 1582 2252 25:
1638 2179 1791 2260 τοὺς
1846 2191 2016 2269 μέγα
2073 2209 2134 2250 τι
2191 2188 2304 2251 καὶ
2347 2183 2506 2271 ὑπὲρ
2552 2180 2796 2263 αὐτοὺς

583 2288 898 2371 λέγοντας
941 2284 1384 2372 θαυμάζουσι.
1471 2286 1774 2373 Exempla
1822 2292 1958 2354 eius
2004 2287 2347 2354 locutionis
2393 2288 2796 2377 collegerunt

583 2389 817 2455 Heind.
865 2402 929 2456 et
972 2391 1196 2456 Stallb.
1242 2392 1324 2456 ad
1371 2392 1532 2457 Plat.
1581 2392 1787 2456 Parm.
1830 2393 2039 2458 1281).

719 2497 927 2560 loona
951 2498 1039 2560 26
1079 2493 1626 2579 Ἐμπεδοκλῆς
1660 2532 1743 2548 --
1783 2490 2083 2561 ταύτὸν
2120 2496 2568 2562 πέπονθεν.
2636 2496 2793 2562 Non

580 2603 671 2665 ita
717 2610 1025 2685 aequatur
1063 2600 1487 2686 Empedocles
1527 2603 1621 2679 iis,
1666 2604 1774 2687 qui
1809 2603 1947 2666 siue
1981 2600 2216 2665 idonea
2251 2604 2506 2665 ratione
2542 2610 2608 2665 et
2643 2621 2795 2665 con-

582 2713 679 2768 tra
739 2691 1020 2769 omnem'
1046 2708 1329 2769 veritatis
1387 2707 1662 2790 speciem
1723 2725 1800 2769 ex
1856 2702 2077 2769 iisdem
2136 2707 2464 2790 principiis
2516 2704 2681 2769 fluxa
2729 2716 2793 2770 et

584 2818 844 2873 aeterna
890 2806 1316 2887 deduxerunt,
1369 2817 1442 2872 ut
1488 2820 1552 2872 et
1595 2811 1731 2893 ipse
1777 2806 2028 2872 diversa
2073 2808 2233 2871 baec
2275 2829 2516 2897 genera
2562 2830 2638 2874 ex
2684 2830 2794 2873 eo-

582 2912 724 2977 dem
771 2913 954 2977 fonte
997 2915 1329 2999 repetiisse
1375 2911 1635 2990 dicatur,
1679 2910 1797 2976 sed
1841 2915 1929 2977 ita
1975 2923 2218 2977 tantum
2252 2915 2422 2977 utin
2463 2936 2558 2992 ea,
2604 2936 2790 3000 quam

581 3017 706 3081 sibi
753 3016 1013 3095 effinxit,
1058 3038 1267 3081 rerum
1311 3018 1733 3104 generatione
1776 3038 1900 3081 nec
1942 3015 2298 3081 rationibus
2340 3016 2594 3083 idoneis
2639 3039 2793 3083 usus

581 3141 721 3184 esse
767 3141 977 3205 neque
1022 3122 1362 3184 accessisse
1408 3118 1488 3184 ad
1534 3118 1603 3183 id
1648 3119 1825 3205 quod
1865 3130 2363 3185 consentaneum
2408 3123 2491 3185 sit
2535 3143 2795 3187 censea-

579 3233 701 3288 tur.
760 3222 971 3307 Quum
1020 3228 1185 3288 enim
1231 3221 1593 3289 intereundi
1634 3244 1887 3288 causam
1920 3245 2061 3288 esse
2083 3236 2292 3310 ponat
2320 3228 2531 3303 rixam,
2566 3221 2791 3291 'tamen

582 3325 846 3391 eandem
904 3326 1212 3393 adhibere
1270 3328 1467 3394 debet
1521 3326 1602 3393 ad
1646 3328 2047 3416 generandas
2094 3348 2315 3393 omnes
2358 3350 2462 3393 res
2507 3325 2626 3408 ἔξω
2671 3333 2793 3395 τοῦ

576 3427 741 3506 ἑνός,
780 3432 935 3507 σ28,
979 3433 1020 3494 i.
1053 3452 1109 3496 e.
1152 3444 1405 3517 praeter
1445 3432 1780 3517 sphaerum
1813 3435 1948 3497 sive
1986 3425 2387 3498 indiscretam
2423 3431 2598 3496 illam
2640 3456 2791 3520 qua-

579 3547 727 3600 tuor
758 3533 1215 3599 elementorum
1252 3539 1631 3614 mistionem,
1660 3557 1844 3621 quam
1877 3539 2064 3601 etiam
2101 3536 2288 3601 deum
2320 3535 2621 3621 appellat,
2651 3540 2791 3603 ⁶29

577 3638 695 3717 (cf.
728 3637 1000 3702 Brandis
1033 3637 1265 3704 Gescb.
1298 3640 1346 3705 1.
1392 3664 1454 3726 p.
1489 3642 1619 3705 207
1635 3663 1689 3704 c.
1751 3638 1963 3703 Zeller
1989 3639 2103 3704 Ph.
2140 3638 2200 3703 d.
2233 3639 2349 3704 Gr.
2381 3640 2428 3704 I.
2460 3665 2524 3727 p.
2549 3644 2697 3721 179,
2724 3644 2791 3707 3.

582 3741 726 3819 180,
763 3745 869 3821 l);
916 3764 991 3805 ac
1033 3742 1320 3806 similiter
1362 3765 1541 3809 amor
1583 3764 1716 3808 non
1752 3746 1953 3830 magis
1989 3742 2339 3831 generandi
2376 3766 2559 3830 quam
2595 3749 2791 3810 inter-

579 3843 772 3908 eundi
805 3856 902 3909 est
936 3856 1176 3922 auctor,
1213 3846 1608 3910 aw--blz
1679 3846 1945 3912 Accedit
1979 3847 2155 3933 quod
2193 3846 2501 3914 alternum
2539 3871 2614 3915 ex
2649 3853 2793 3915 uni-

575 3956 708 4011 tate
751 3946 833 4010 ad
877 3946 1342 4013 multitudinem
1387 3951 1715 4014 transitum
1761 3970 1898 4014 non
1944 3972 2018 4016 ex
2063 3961 2233 4015 certa
2280 3974 2497 4031 causa,
2544 3953 2663 4019 sed
2711 3977 2791 4019 ex

575 4048 847 4114 obscura
894 4051 1161 4134 quadam
1206 4057 1587 4117 necessitate
1630 4057 1881 4140 repetit,
1920 4056 2270 4120 als-17.

710 4155 920 4218 10006
955 4156 1042 4220 29
1091 4153 1170 4234 ἐξ
1215 4147 1317 4222 ὧν
1359 4152 1615 4224 πάνθ’
1664 4191 1746 4207 -
1794 4155 2131 4234 ὀπίσσω.
2222 4158 2500 4225 Videtur
2534 4160 2791 4227 Aristo-

574 4256 736 4322 teles
779 4279 1003 4323 versus
1048 4259 1524 4346 Empedocleos
1571 4282 1608 4325 e
1648 4264 1953 4326 memoria
2010 4262 2297 4328 atmiisse
2356 4273 2423 4328 et
2464 4267 2531 4328 in
2576 4268 2789 4351 primo

572 4361 769 4425 verba
813 4361 1093 4448 paullum
1137 4367 1516 4429 immutasse.
1584 4366 1681 4431 Ex
1726 4364 2052 4451 Simplicio
2088 4366 2170 4431 ad
2202 4368 2393 4452 Phys.
2427 4391 2488 4453 p.
2527 4372 2624 4448 7⁶,
2662 4373 2787 4435 34⁸

574 4465 860 4534 editores
917 4466 1029 4532 alii
1085 4466 1270 4576 aliter
1325 4471 1463 4555 ipsa
1507 4467 1921 4556 Empedoclis
1969 4470 2168 4536 verba
2212 4474 2659 4554 restituerunt,
2716 4477 2789 4538 ἐκ
