3109 5175
529 332 674 407 264
1244 336 1315 407 A
1369 333 1480 407 17.
1544 333 1656 408 18.
1739 330 2009 407 1022α.

530 509 1028 599 significationes
1063 507 1342 575 breviter
1377 510 1847 599 complectitur3
1885 532 2048 597 quae
2090 513 2257 576 enim
2299 509 2429 576 duo
2470 511 2576 577 hic
2610 521 2730 577 sta-

530 619 654 681 tuit
696 634 934 704 genera
982 612 1421 699 perfectionis,
1479 637 1554 680 ea
1608 618 1711 680 vix
1756 637 1895 680 cum
1938 618 2156 702 primis
2202 615 2446 682 duabus
2490 615 2729 704 signifi-

533 718 889 784 cationibus
933 716 1232 783 vocabuli
1275 741 1534 806 prorsus
1579 733 1846 807 possunt
1890 719 2232 799 conciliari,
2284 723 2531 785 tertiam
2574 741 2729 786 vero

467 899 484 914 Ι
532 822 822 909 equidem
879 843 1014 887 non
1068 821 1261 888 video
1319 823 1645 910 quomodo
1703 826 1799 890 bis
1857 823 2107 890 duobus
2164 823 2505 912 generibus
2564 845 2732 889 com·

528 926 722 1014 plecti
769 926 1067 992 voluerit.
1118 965 1198 979 —
1256 930 1369 993 His
1428 927 1705 1015 denique
1756 929 1935 994 addit
1975 922 2060 994 τὰ
2104 921 2274 993 κατὰ
2321 922 2733 1014 συμβεβηκὸς

529 1032 741 1096 τέλεια
800 1034 1009 1098 102211
1054 1035 1282 1111 1—3,
1349 1032 1572 1098 iisdem
1633 1054 1837 1121 prope
1895 1032 2137 1111 verbiS‚
2206 1053 2368 1117 quae
2428 1032 2731 1098 babemus

528 1135 597 1198 Γ
631 1138 692 1200 2.
743 1137 949 1202 1004..
994 1139 1099 1203 30.

1365 1311 1595 1386 CAP.
1661 1312 1904 1387 XVII.

664 1457 942 1543 Πέρας
987 1458 1250 1541 primum
1295 1455 1613 1545 significat
1656 1459 2017 1535 terminum,
2077 1477 2204 1543 quo
2266 1455 2417 1541 quid
2471 1453 2734 1520 includi-

531 1569 665 1637 tur,
706 1562 800 1624 04
845 1554 921 1624 τὸ
968 1560 1244 1645 ἔσχατον
1292 1599 1372 1611 -
1421 1552 1501 1627 οὗ
1544 1563 1669 1627 ἔσω
1714 1556 1935 1627 πάντα
1978 1555 2240 1652 πρώτου
2283 1555 2582 1644 (πρώτου
2625 1582 2737 1624 cur

532 1660 811 1728 additum
859 1667 956 1742 sit,
1003 1676 1152 1750 apte
1181 1664 1362 1730 Alex.
1393 1689 1455 1752 p.
1484 1667 1633 1744 377,
1667 1667 1754 1731 23
1797 1663 2096 1750 explicat:
2140 1656 2217 1730 τὰ
2263 1664 2333 1729 δὲ
2377 1658 2721 1748 «πρώτου»

528 1768 948 1851 προσέθηκεν
1008 1764 1486 1854 ἐνδεικνύμενος
1538 1763 1618 1835 τὸ
1665 1771 1897 1857 κυρίως
1948 1771 2183 1854 πέρας,
2243 1763 2281 1833 ὃ
2330 1764 2448 1852 οὐχ
2492 1764 2580 1846 ὥς
2622 1773 2735 1853 μέ-

530 1893 649 1955 ρος
705 1873 844 1937 ἐστὶ
899 1876 1103 1957 πέρας
1158 1870 1305 1939 ἀλλ’
1344 1871 1430 1950 ὡς
1485 1867 1561 1939 τὸ
1619 1874 1853 1960 κυρίως
1909 1873 2215 1956 ἔσχατον,
2274 1868 2511 1938 ὁποῖόν
2562 1878 2737 1939 ἐστιν

531 1977 638 2040 ἐπὶ
682 1976 814 2041 τῶν
860 1972 1180 2060 σωμάτων
1223 1976 1265 2058 ἡ
1303 1974 1674 2067 ἐπιφάνεια.
1740 1972 2015 2043 δύναται
2052 1968 2181 2062 γὰρ
2219 1978 2333 2041 καὶ
2368 1981 2606 2065 μέρους
2642 2000 2737 2042 τι·

531 2075 649 2155 νὸς
692 2080 1076 2169 ληφθέντος
1117 2084 1324 2165 μηδὲν
1367 2079 1534 2148 εἶναι
1579 2079 1715 2161 ἔξω,
1759 2077 1907 2145 ἀλλ’
1947 2076 2027 2146 οὐ
2068 2074 2359 2164 πρώτου·
2412 2076 2540 2166 πρὸ
2587 2077 2737 2146 τού-

534 2205 652 2248 του
695 2181 823 2269 γὰρ
869 2187 990 2249 τοῦ
1030 2189 1267 2272 μέρους
1311 2181 1556 2264 αὐτά).
1649 2185 1746 2267 Ab
1797 2185 1917 2250 hae
1960 2182 2430 2272 significatione
2476 2189 2574 2250 vix
2620 2184 2738 2251 dif-

532 2286 670 2366 fert,
711 2288 886 2374 quod
917 2286 1119 2353 altero
1156 2288 1324 2368 loco,
1359 2290 1625 2367 ‹15—6‚
1662 2293 1866 2374 πέρας
1899 2289 2163 2353 formam
2198 2310 2275 2352 ac
2307 2288 2574 2376 figuram
2610 2312 2737 2354 ma-

532 2391 881 2480 gnitudinis
943 2405 1239 2458 extensae
1286 2393 1597 2458 denotare
1641 2391 1811 2458 dicit.
1896 2393 2170 2471 Deinde,
2215 2394 2479 2471 ⁶6—8,
2533 2396 2738 2478 πέρας

532 2506 632 2560 est
674 2498 941 2561 actionis
987 2497 1251 2563 alicuius
1294 2519 1478 2563 causa
1516 2496 1742 2575 finalis,
1789 2503 1875 2585 ἐφ
1920 2491 1958 2561 ὃ
2005 2494 2046 2576 ἡ
2092 2499 2343 2577 κίνησις
2384 2498 2497 2562 καὶ
2540 2492 2616 2561 τὸ
2659 2486 2736 2562 οὗ

533 2606 719 2666 ἕνεκα
764 2640 850 2651 -
896 2602 1053 2667 baec
1112 2606 1276 2668 enim
1335 2605 1500 2668 inter
1557 2623 1629 2666 se
1685 2606 1755 2666 ἐκ
1809 2598 2239 2687 παραλλήλου
2280 2614 2430 2667 sunt
2473 2605 2737 2667 coniun-

532 2714 633 2769 cta
681 2742 795 2784 —‚
848 2706 1166 2772 interdum
1211 2710 1396 2773 etiam
1442 2706 1536 2786 id,
1582 2705 1755 2773 unde
1801 2706 2050 2771 orditur
2094 2708 2296 2785 actio,
2339 2710 2543 2791 πέρας
2586 2706 2737 2771 dici-

531 2823 663 2887 tur,
708 2813 1005 2895 quoniam
1050 2811 1224 2897 quod
1269 2817 1537 2899 primum
1586 2824 1681 2876 est
1725 2814 1789 2876 iu
1835 2810 2123 2899 agendo,
2178 2809 2349 2876 idem
2396 2822 2735 2876 extremum

530 2914 651 2978 fuit
694 2918 758 2979 in
808 2914 1286 2982 deliberatione.
1356 2919 1471 2997 (In
1515 2914 1814 2980 mutanda
1858 2916 2084 2980 borum
2131 2915 2472 2980 verborum
2517 2914 2737 2980 distin-

532 3020 774 3098 etione,
832 3042 1014 3105 quam
1074 3023 1210 3107 ipsa
1271 3024 1366 3085 rei
1421 3033 1643 3085 natura
1703 3018 2202 3085 commendatam
2261 3041 2401 3085 esse
2444 3019 2735 3097 arbitror,

531 3120 879 3187 Alexandri
923 3135 1175 3189 secutus
1227 3146 1364 3188 sum
1409 3127 1995 3211 interpretationem
2040 3146 2103 3208 p.
2139 3125 2271 3189 378
2317 3127 2448 3209 sq.)
2536 3123 2737 3187 Deni-

533 3246 656 3310 que
699 3229 902 3313 πέρας
945 3227 1352 3293 substantiam
1400 3239 1464 3294 et
1514 3233 1844 3294 notionem
1891 3232 1984 3293 rei
2030 3225 2364 3292 cuiuslibet
2403 3225 2735 3314 significat,

531 3331 844 3409 28—10,
887 3332 1003 3410 τῆς
1037 3328 1330 3415 γνώσεως
1364 3325 1492 3420 γὰρ
1531 3336 1729 3398 τοῦτο
1763 3337 1983 3420 πέρας,
2024 3331 2109 3396 efi-
2135 3330 2215 3395 ad
2245 3332 2317 3395 A
2343 3332 2405 3396 3.
2437 3332 2604 3396 983ae
2628 3332 2733 3396 28.

535 3468 616 3483 —
665 3433 864 3520 Quod
907 3439 973 3500 in
1017 3435 1150 3500 fine
1209 3440 1430 3523 capitis
1479 3437 1856 3503 Aristoteles
1915 3435 1997 3500 de
2056 3438 2387 3500 notionum
2445 3431 2615 3519 ἀρχή
2672 3444 2737 3498 et

531 3543 735 3623 πέρας
779 3551 990 3606 mutua
1038 3542 1204 3605 inter
1247 3563 1319 3606 se
1363 3545 1615 3607 ratione
1660 3539 1839 3617 dicit,
1898 3538 1964 3603 id
2022 3560 2394 3625 quamquam
2453 3538 2536 3604 de
2580 3541 2734 3627 ipsis

532 3644 901 3709 notionibus
959 3666 1109 3709 vere
1168 3648 1414 3724 statuit,
1474 3644 1783 3731 siquidem
1840 3643 2129 3709 subiecta
2183 3653 2282 3709 est
2336 3646 2517 3708 notio
2563 3638 2735 3728 ἀρχή

532 3750 783 3812 notioni
819 3752 1039 3833 πέρας,
1084 3760 1293 3815 tamen
1331 3749 1411 3815 de
1449 3752 1756 3814 varietate
1797 3770 1964 3827 usus,
2003 3745 2260 3832 ὁσαχῶς
2293 3748 2565 3830 λέγεται,
2603 3768 2736 3812 non

531 3850 798 3936 perinde
858 3863 956 3917 est
1011 3875 1259 3929 verum3
1318 3856 1553 3918 etenim
1609 3847 1779 3939 ἀρχή
1831 3875 1977 3919 suas
2022 3850 2323 3940 quasdam
2369 3855 2615 3939 accepit
2656 3853 2735 3917 si-

532 3953 1000 4042 gnificationes,
1041 3980 1196 4044 quas
1238 3962 1444 4045 πέρας
1486 3978 1622 4024 non
1665 3957 1876 4037 habet,
1920 3956 1986 4023 id
2034 3955 2207 4043 quod
2251 3955 2438 4021 facile
2472 3967 2735 4042 apparet

534 4058 1012 4124 conferentibus
1060 4083 1195 4148 cap.
1234 4064 1289 4126 l.

1345 4248 1572 4322 CAP.
1634 4247 1916 4321 XVIII.

665 4390 715 4454 F
721 4390 965 4457 ormula
1006 4385 1201 4455 καθ’
1240 4384 1278 4455 ὅ
1323 4394 1378 4454 si
1422 4390 1710 4458 subiecto
1747 4392 2213 4478 propositionis
2254 4388 2517 4456 alieuius
2557 4389 2732 4456 addi-

532 4507 636 4565 tur
678 4496 842 4560 hanc
882 4494 1078 4560 habet
1119 4497 1274 4574 vim,
1321 4504 1392 4561 ut
1436 4494 1605 4562 illius
1649 4506 1936 4561 naturam
1981 4498 2111 4561 suis
2156 4517 2243 4561 ac·
2273 4497 2546 4584 propriis
2590 4494 2731 4560 fini-
