3109 5175
568 362 708 438 16⁶
1387 364 1461 435 Β
1508 360 1578 435 5.
1662 359 1930 439 10020.

561 541 874 629 gitatione
901 535 1052 605 addi
1079 537 1286 605 iubet:
1307 541 1465 605 ,τῶν
1500 535 1817 624 ἀρῶμῶν
1854 560 1922 604 τε
1959 539 2071 605 καὶ
2105 540 2239 605 τῶν
2272 538 2597 624 μεγεθῶν,
2637 557 2767 603 ma-

562 645 797 710 nifesto
839 644 1064 709 borum
1101 642 1442 709 verborum
1479 646 1857 709 sententiam
1897 645 2221 730 pervertit.
2288 640 2464 709 Nihil
2503 645 2764 707 omnino

565 758 665 814 est
719 747 1178 836 supplendum,
1230 747 1345 814 sed
1389 745 1434 828 ἡ
1478 739 1648 826 αὐτὴ
1694 742 1889 836 φύσις
1932 752 2168 835 pariter
2218 757 2409 832 atque
2450 743 2495 825 ἡ
2538 741 2767 813 ‹immi-

563 877 684 935 της
737 851 1167 939 praedicatum
1225 863 1323 919 eat
1377 851 1647 918 subiecti
1689 846 1766 919 τὸ
1810 845 1904 935 μὴ
1948 857 2035 917 ἓν.
2123 850 2404 938 Intelligi
2446 871 2580 915 non
2624 861 2767 936 pot·

565 968 679 1036 est,
723 956 1050 1043 quomodo
1097 979 1270 1023 nunc
1309 960 1554 1025 numeri
1597 978 1771 1025 nunc
1816 967 2110 1023 extensae
2152 951 2619 1043 magnitudines
2667 975 2768 1019 ex-

563 1063 816 1140 sistant,
874 1084 1063 1147 quum
1107 1058 1266 1126 illud
1311 1082 1636 1139 non-ens,
1694 1061 1870 1149 quod
1925 1059 2253 1129 materiale
2294 1068 2547 1148 ponunt
2597 1061 2769 1144 prin·

563 1169 812 1254 eipinm,
856 1165 1007 1233 licet
1046 1165 1312 1233 diversis
1350 1165 1711 1252 appelletur
1748 1165 2129 1243 nominibus,
2171 1159 2343 1233 πολὺ
2373 1166 2489 1231 καὶ
2516 1159 2768 1257 ρλίγον,

558 1274 732 1357 μέγα
762 1272 876 1336 καὶ
907 1266 1143 1358 μικρόν
1178 1280 1317 1350 stc„
1353 1268 1574 1337 eadem
1611 1281 1823 1337 tamen
1855 1267 2327 1357 inaequalitatis
2358 1279 2581 1335 natura
2618 1289 2769 1335 con·

562 1377 856 1439 lineatur.

1474 1527 1704 1603 CAP.
1770 1530 1860 1603 V.

840 1673 1157 1751 omacio
1201 1673 1603 1739 duodecima.
1697 1674 1900 1738 loon
1935 1648 2024 1737 26
2046 1709 2133 1721 -
2159 1672 2361 1736 10021»
2400 1673 2503 1736 11.

693 1793 828 1858 Res
862 1792 1354 1871 mathematicae,
1390 1790 1600 1857 solida
1636 1790 2009 1878 superficies
2042 1790 2252 1859 lineae
2288 1801 2543 1877 puncta,
2579 1810 2769 1876 quae-

561 1898 722 1963 ritur
763 1906 974 1962 utrum
1000 1917 1124 1984 pro
1155 1897 1525 1964 substantiis
1553 1895 1889 1963 habendae
1920 1898 2050 1963 sint
2075 1915 2311 1971 necne;
2353 1916 2536 1981 quam
2580 1917 2770 1981 quae-

562 2004 834 2067 stionem
871 2005 1271 2069 coniunctam
1312 2022 1454 2068 esse
1485 2000 1644 2067 dicit
1677 2021 1817 2067 cum
1860 2003 2209 2088 superiore,
2253 1993 2503 2067 τούτων
2532 1995 2592 2065 δ’
2624 2003 2770 2085 ἑχο-

560 2109 724 2190 μένῃ
762 2107 911 2186 ῠ26,
955 2105 1060 2170 vel
1099 2106 1276 2193 quod
1314 2105 1447 2173 illic
1480 2108 1794 2192 quaesivit
1828 2102 2155 2193 quomodo
2189 2124 2266 2168 ex
2296 2105 2614 2201 principio
2650 2105 2772 2170 τοῦ

561 2203 710 2284 ἑνός
746 2208 976 2274 deduci
1011 2214 1258 2295 possint
1287 2233 1391 2275 res
1426 2212 1872 2298 geometricae,
1906 2210 2011 2274 vel
2047 2207 2219 2296 quod
2256 2206 2606 2275 eorundem
2633 2207 2772 2293 phi-

560 2310 983 2397 losophorum
1025 2313 1259 2401 placita
1305 2317 1555 2400 utrique
1601 2316 1963 2400 quaestioni
2007 2311 2218 2379 locum
2266 2311 2596 2378 dederunt.
2674 2311 2772 2377 Ac

560 2418 826 2501 primum
874 2416 1126 2502 quidem
1174 2416 1350 2503 quod
1393 2439 1498 2483 res
1538 2418 2003 2484 mathematicas
2034 2438 2176 2483 esse
2205 2416 2588 2483 substantias
2618 2436 2771 2481 con-

559 2518 788 2601 firmat,
839 2523 1294 2589 ⁶2s—loo2a
1332 2524 1433 2602 14,
1484 2524 1768 2588 rationes
1810 2525 2045 2608 repetit
2089 2543 2126 2587 e
2169 2531 2395 2590 natura
2438 2523 2557 2601 τῆς
2597 2513 2768 2585 κατὰ

561 2617 683 2690 τὸν
724 2620 930 2711 λόγον
969 2629 1081 2692 καὶ
1127 2621 1203 2693 τὸ
1249 2621 1420 2703 εἶδος
1465 2624 1714 2704 οὐσίας.
1802 2627 2110 2693 Nimirum
2157 2628 2214 2691 si
2258 2648 2296 2690 a
2337 2625 2528 2692 rebus
2573 2627 2770 2690 sensi-

561 2726 796 2796 bilibus
836 2752 911 2797 ea
949 2734 1465 2819 separaverimus,
1508 2751 1673 2818 quae
1708 2731 2048 2798 manifesto
2087 2728 2436 2796 accidentia
2475 2740 2626 2793 sunt
2661 2750 2772 2796 ne-

564 2853 688 2920 que
732 2835 1034 2901 affectare
1080 2839 1340 2902 omniuo
1393 2846 1667 2922 possunt
1721 2833 2114 2902 substantiae
2169 2833 2574 2923 dignitatem,
2631 2837 2771 2920 ipsa

561 2950 848 3010 remanet
888 2940 1263 3028 magnitudo
1309 2950 1599 3020 extensa,
1654 2961 1887 3026 corpus
1940 2940 2472 3016 mathematicum,
2528 2941 2594 3002 in
2641 2957 2770 3023 quo

561 3045 764 3109 insint
806 3055 871 3109 et
916 3043 997 3109 de
1042 3065 1168 3131 quo
1213 3042 1665 3130 praedicentur
1709 3042 2078 3108 accidentia.
2153 3045 2347 3131 Atqui
2389 3062 2621 3127 corpus
2662 3040 2773 3106 de-

561 3146 783 3212 finitur
827 3146 1061 3233 planis,
1107 3147 1297 3234 plana
1343 3146 1559 3225 lineis,
1603 3146 1772 3213 linea
1817 3151 2099 3236 punctis,
2152 3159 2218 3214 et
2262 3169 2364 3227 ea,
2407 3167 2570 3232 quae
2614 3143 2767 3231 qnid

563 3249 894 3331 definiunt,
938 3254 1192 3339 potiora
1237 3262 1385 3317 sunt
1426 3249 1739 3338 dignitate
1780 3264 1846 3316 et
1882 3265 2105 3320 natura
2143 3248 2541 3319 substantiali
2583 3271 2768 3335 quam

565 3355 666 3435 id,
721 3353 895 3442 quod
954 3354 1289 3433 definitum
1361 3376 1520 3444 ergo
1578 3377 1682 3421 res
1745 3357 2220 3424 mathematicae
2277 3354 2771 3443 simplicissimae

561 3481 853 3546 quaeque
913 3465 1176 3526 maxime
1240 3470 1388 3526 sunt
1442 3459 1779 3526 habendae
1833 3484 1954 3548 pro
2013 3462 2402 3527 substantiis.
2503 3457 2772 3523 Accedit

563 3564 740 3651 quod
796 3564 1055 3652 planum
1112 3568 1252 3630 sine
1310 3585 1587 3651 corpore
1647 3585 1787 3630 esse
1843 3575 2087 3651 potest,
2152 3564 2321 3631 linea
2377 3567 2517 3630 sine
2572 3562 2768 3649 plano

563 3669 995 3757 (ἐνδέχεσθαι
1039 3671 1276 3735 δοκεῖ
1316 3668 1471 3733 dicit
1516 3670 1727 3734 loo2a
1764 3671 1822 3747 7,
1879 3672 2026 3754 quia
2082 3668 2418 3734 dialectice
2473 3667 2770 3754 disputat,

562 3794 697 3838 non
740 3772 1156 3862 distinguens,
1199 3794 1322 3859 qua
1359 3776 1614 3838 ratione
1652 3776 1905 3858 possint
1945 3795 2085 3838 esse
2125 3777 2264 3839 sine
2298 3772 2440 3851 illis,
2477 3794 2597 3858 qua
2634 3791 2770 3836 non

565 3879 876 3962 possint);
917 3880 1090 3963 atqui
1127 3880 1180 3942 si
1212 3897 1335 3962 qua
1364 3888 1639 3963 possunt
1667 3898 1807 3942 esse
1837 3881 1975 3942 sine
2004 3877 2158 3956 aliis,
2194 3876 2302 3942 illa
2332 3880 2552 3966 potius
2581 3897 2768 3962 quam

563 3980 724 4045 baec
764 4001 883 4066 pro
929 3979 1300 4046 substantiis
1335 3990 1485 4045 sunt
1518 3979 1831 4052 habenda.
1894 3982 2074 4048 Haec
2105 3991 2495 4071 argumenta,
2541 3979 2767 4067 quibus

562 4082 892 4149 habendas
939 4105 1079 4150 esse
1123 4105 1243 4171 pro
1285 4084 1653 4150 substantiis
1690 4106 1794 4150 res
1829 4086 2296 4151 mathematicas
2333 4084 2686 4161 confirmat,
2732 4104 2769 4148 e

563 4190 832 4254 notione
872 4199 937 4253 et
976 4209 1012 4253 e
1052 4187 1348 4253 rationali
1386 4202 1613 4254 natura
1653 4211 1868 4255 earum
1902 4195 2097 4277 petita
2138 4212 2279 4256 esse
2314 4200 2609 4277 apparet;
2653 4209 2771 4254 no-

563 4296 742 4358 tione
789 4295 983 4370 enim,
1028 4312 1160 4356 non
1203 4313 1275 4358 re
1321 4315 1397 4357 ac
1437 4297 1728 4374 veritate,
1771 4295 2028 4381 planum
2075 4298 2214 4359 sine
2257 4315 2552 4380 corpore,
2599 4292 2768 4357 linea

565 4399 703 4462 sine
749 4394 946 4482 plano
993 4408 1211 4482 potest
1255 4418 1422 4475 esse,
1482 4419 1692 4485 neque
1750 4398 1973 4466 eadem
2027 4402 2298 4466 notione
2350 4401 2570 4484 priora
2620 4406 2771 4462 sunt

566 4511 633 4566 et
667 4522 758 4566 re.
823 4502 902 4567 cf.
936 4503 1024 4566 M
1045 4503 1109 4566 2.
1142 4505 1343 4569 1077&
1372 4506 1631 4569 1-14,
1700 4503 1985 4572 Eandem
2032 4501 2510 4569 conclusionem
2552 4511 2627 4568 ut
2658 4505 2770 4567 im-
