3109 5175
536 347 630 422 74
1258 287 1272 312 “
1389 350 1464 420 Α
1514 346 1584 420 4.
1660 345 1804 420 985
1824 346 1888 419 b.

536 545 774 613 genera
820 545 936 589 eos
980 526 1266 612 attigisse
1310 524 1466 588 dicit
1511 545 1586 587 ex
1630 525 1706 588 iis
1758 522 2130 611 generibus,
2188 543 2351 607 quae
2408 526 2476 588 in
2522 523 2745 609 Physi-

536 630 626 693 cis
670 630 809 715 ipse
855 627 1162 707 distinxit,
1220 628 1300 692 cf.
1348 625 1430 691 ad
1475 628 1537 691 3.
1584 628 1754 691 98341
1791 628 1899 692 33.
1990 627 2267 692 Movens
2321 635 2531 691 autem
2572 631 2744 713 prin-

534 733 767 817 cipium
825 752 957 797 non
1012 735 1115 796 via
1173 754 1247 796 ac
1302 734 1552 796 ratione
1611 729 1692 794 ab
1737 733 1815 794 iis
1870 753 2010 796 esse
2065 730 2413 796 adhibitum
2472 740 2545 795 ut
2603 753 2746 796 cum

533 837 786 922 integro
843 833 1172 900 doctrinae
1225 856 1500 919 corpore
1545 833 1958 912 coalesceret,
2018 835 2435 922 Anaxagorae
2478 838 2747 899 maxime

537 937 787 1016 obiicit,
840 941 947 1023 qui
1004 950 1276 1004 mentem
1335 959 1468 1002 non
1516 949 1640 1001 tam
1687 959 2027 1023 personam
2073 936 2746 1005 dramati.adhibuerit

536 1064 721 1128 quam
768 1042 953 1108 deum
1002 1063 1077 1106 ex
1120 1043 1407 1106 machina
1450 1042 1753 1128 (μηχανῇ
1792 1043 2033 1125 χρῆται
2065 1042 2232 1120 α18,
2291 1042 2369 1106 cf.
2414 1052 2588 1127 poet.
2638 1043 2741 1107 15.

538 1147 740 1212 14:34⁶
764 1148 807 1210 2
840 1149 1101 1235 μηχανῇ
1128 1148 1469 1231 χρηστέον.
1539 1143 1697 1209 Plat.
1731 1142 1981 1229 Cratyl.
2015 1144 2201 1210 425d
2236 1148 2341 1211 ἐπὶ
2379 1138 2497 1220 τοὶς
2529 1168 2745 1229 μηχα-

534 1246 658 1324 νὰς
691 1245 1194 1336 καταφεύγειν);
1227 1247 1393 1313 idem
1425 1247 1609 1312 Plato
1642 1250 1707 1311 in
1743 1248 2118 1337 Anaxagora
2151 1251 2474 1334 vituperat
2503 1246 2740 1315 Phaed.

534 1356 672 1419 970
700 1374 836 1439 sqq.
888 1352 972 1418 de
1025 1352 1199 1439 legg.
1247 1353 1384 1418 ΧΠ.
1425 1355 1576 1431 967,
1621 1352 1701 1416 cf.
1744 1351 2018 1417 Brandis
2060 1352 2291 1418 Gesch.
2336 1352 2384 1420 Ι.
2435 1374 2500 1437 p.
2532 1354 2741 1417 2692..

534 1457 765 1542 Neque
792 1478 951 1522 vero
982 1455 1428 1542 Empedocles,
1475 1477 1666 1541 quum
1709 1455 1898 1521 latius
1942 1455 2132 1543 apud·
2158 1478 2300 1521 eum
2334 1464 2582 1542 pateret
2609 1474 2745 1520 mo·

534 1562 815 1625 ventium
861 1562 1317 1646 principiorum
1363 1581 1543 1638 usuS,
1596 1563 1662 1624 in
1720 1558 2170 1646 distinguenda
2215 1580 2436 1624 eorum
2480 1563 2544 1623 vi
2589 1562 2743 1624 satis

534 1665 653 1729 sibi
698 1667 913 1749 potuit
951 1675 1264 1742 constare,
1308 1661 1615 1747 siquidem
1649 1665 1804 1727 etin
1838 1661 2204 1727 dirimendis
2238 1662 2564 1727 elementis
2596 1665 2747 1726 ami-

534 1770 680 1832 citia
737 1778 804 1832 et
845 1771 910 1831 in
958 1766 1423 1854 coniungendis
1467 1768 1598 1830 rixa
1646 1787 1810 1852 opus
1856 1776 1980 1843 est,
2036 1765 2115 1830 cf.
2165 1765 2231 1830 B
2275 1767 2335 1830 4.
2383 1767 2594 1830 10000
2630 1767 2740 1831 26.

533 1871 722 1936 Sturz
758 1871 838 1936 ad
868 1870 1134 1957 Emped.
1174 1895 1237 1958 p.
1268 1873 1418 1936 219.
1477 1869 1693 1935 Zeller
1722 1869 1833 1934 Ph.
1875 1868 1935 1934 d.
1969 1868 2084 1934 Gr.
2115 1869 2163 1933 1.
2200 1892 2265 1955 p.
2299 1870 2446 1934 190.
2479 1904 2567 1919 -
2604 1871 2742 1934 4119

532 1969 699 2059 πρὸς
726 1969 848 2053 τὴν
874 1978 1453 2059 κοσμοποιίαν.
1515 1974 1715 2039 Sicuti
1744 1982 1953 2039 ποιεῖν
1983 1973 2180 2037 πλείω
2212 1970 2393 2038 α’ίτια
2422 1976 2485 2039 3.
2509 1975 2672 2039 9841»
2697 1975 2741 2039 5

446 2087 456 2096 ‘
533 2077 860 2158 dicuntur,
903 2082 1010 2163 qui
1054 2078 1238 2164 plura
1280 2080 1593 2165 principia
1640 2097 1780 2141 esse
1824 2086 2139 2154 statuunt,
2187 2075 2294 2141 vel
2337 2078 2578 2159 γεννᾶν
2620 2069 2742 2155 τὴν

533 2182 665 2245 τῶν
709 2177 917 2246 ὄντων
962 2178 1164 2267 φύσιν
1208 2185 1268 2247 3.
1316 2183 1480 2247 984ὀ
1515 2186 1576 2260 9,
1619 2175 2122 2258 κατασκευάζειν
2164 2172 2288 2259 τὴν
2332 2181 2450 2246 τοῦ
2492 2177 2744 2256 παντὸς

458 2314 467 2320 ·
531 2288 782 2367 γένεσιν
830 2287 887 2348 4.
935 2285 1098 2349 9841)
1128 2286 1214 2350 25
1263 2284 1345 2349 de
1390 2283 1759 2371 explicanda
1806 2293 2029 2347 natura
2075 2293 2140 2348 ct
2179 2287 2601 2371 generatione
2644 2305 2740 2347 re-

532 2409 670 2451 rum
716 2397 1086 2472 usurpatur,
1144 2385 1393 2473 aliaque
1445 2388 1512 2453 id
1555 2410 1763 2475 genus
1808 2386 2104 2473 plurima,
2162 2390 2251 2451 ita
2300 2397 2740 2470 κοσμοποιεῖν,

532 2492 933 2573 κοσμοποιία
980 2489 1330 2555 doctrinam
1363 2491 1684 2580 significat
1714 2490 1795 2555 de
1825 2491 2060 2555 fabrica
2091 2489 2307 2555 mundi
2340 2494 2415 2556 N
2434 2494 2495 2555 3.
2534 2492 2740 2556 10916

536 2596 640 2661 18.
689 2595 881 2681 Phys.
912 2593 971 2658 11
1006 2596 1070 2659 4.
1113 2596 1277 2659 196«
1303 2597 1410 2660 22.
1458 2597 1613 2661 Vlll
1647 2597 1706 2660 l.
1744 2597 1907 2661 250⁶
1934 2596 2036 2659 16.
2073 2632 2154 2645 —
2191 2595 2325 2659 ⁶21
2367 2598 2742 2660 αἰτιᾶται

531 2702 573 2763 i.
604 2720 659 2763 e.
707 2701 974 2763 τίθεται
1018 2696 1105 2774 ὡς
1149 2686 1347 2777 α’ίτια,
1392 2699 1471 2764 cf.
1517 2700 1573 2764 A
1616 2702 1678 2764 2.
1727 2700 1930 2764 10131)
1961 2700 2060 2763 13.
2117 2698 2311 2784 Phys.
2356 2698 2419 2763 Π
2463 2701 2524 2764 4.
2572 2702 2741 2764 196⁰

533 2803 640 2879 25,
672 2800 1110 2866 ἐπαιτιᾶσθαι
1134 2801 1296 2867 Plat.
1322 2801 1556 2867 Phaed.
1580 2805 1668 2868 98
1685 2824 1739 2867 c.
1768 2794 1850 2852 -’-
1883 2804 2017 2867 α27
2042 2796 2312 2868 πάντα
2338 2795 2741 2869 -’συνίω-

532 2924 683 2971 σιν.
739 2905 842 2969 De
869 2909 1127 2969 nomine
1154 2909 1436 2971 neutrius
1461 2909 1715 2994 generis
1741 2904 1973 2991 plurali
1995 2909 2341 2971 coniuncto
2370 2928 2511 2970 cum
2539 2907 2739 2972 verbo

532 3007 763 3095 plurali
793 3008 875 3073 cf.
906 3008 1166 3096 Krfiger
1195 3008 1309 3074 Gr.
1340 3009 1397 3094 §.
1429 3012 1532 3087 63,
1560 3011 1620 3073 2.
1653 3012 1732 3074 A.
1768 3013 1822 3073 l.
1875 2994 2472 3096 Bernhardy'Synt.
2504 3033 2566 3095 p.
2589 3011 2740 3076 418.

533 3114 745 3177 Herm.
793 3110 874 3176 ad
919 3112 1120 3197 Soph.
1161 3111 1260 3177 El.
1308 3115 1458 3178 430.
1532 3111 1759 3177 Stallb.
1806 3111 1887 3177 ad
1923 3111 2082 3177 Plat.
2130 3112 2214 3177 de
2255 3135 2392 3200 rep.
2435 3112 2485 3178 1.
2530 3113 2739 3178 3531».

532 3218 960 3302 Frequentior
1003 3219 1056 3281 is
1103 3238 1254 3281 usus
1300 3214 1468 3300 apud
1515 3215 1949 3294 Aristotelem,
2008 3219 2183 3281 cuius
2242 3238 2405 3302 quae
2461 3215 2743 3303 college-

530 3330 682 3385 runt
728 3319 1010 3407 exempla
1047 3320 1186 3384 Zell
1232 3318 1313 3383 ad
1346 3320 1489 3384 Eth.
1521 3320 1665 3385 Nic.
1710 3342 1775 3406 p.
1809 3324 1869 3386 4.
1900 3322 2050 3399 209,
2093 3322 2323 3385 Waitz
2367 3319 2449 3385 ad
2477 3322 2599 3385 Au.
2644 3343 2740 3407 pr.

529 3425 590 3488 11
619 3425 727 3488 26.
759 3426 877 3487 691»
900 3425 944 3489 3
989 3422 1178 3488 facile
1222 3409 1320 3487 est
1364 3422 1574 3488 multis
1618 3423 1760 3488 aliis
1791 3423 1948 3489 locis
1981 3422 2401 3489 Aristotelicis
2438 3446 2695 3513 augere.

661 3529 830 3593 985⁶
855 3529 939 3593 31
978 3528 1095 3592 ἔτι
1130 3528 1212 3593 δὲ
1247 3520 1340 3590 τα
1370 3561 1457 3575 —-·
1488 3528 1574 3592 123
1605 3529 1829 3592 ἐπῶν.
1920 3527 2216 3612 Quatuor
2257 3526 2571 3592 elementa
2614 3530 2754 3615 pri--

531 3654 665 3695 mus
692 3629 1116 3716 Empedocles
1146 3633 1439 3717 posuisse
1470 3642 1837 3695 constanter
1865 3630 2147 3709 traditur,
2177 3631 2256 3694 cf.
2281 3630 2468 3695 Sturz
2498 3654 2562 3717 p.
2588 3632 2737 3695 150.

530 3734 657 3800 Sed
719 3755 794 3799 ea
852 3733 1325 3821 quodammodo
1384 3732 1464 3798 ad
1517 3733 1647 3799 duo
1693 3734 1956 3799 rediisse
2003 3732 2313 3799 elementa
2360 3733 2740 3798 Aristoteles

530 3848 750 3902 monet
793 3841 978 3901 etiam
1028 3836 1110 3900 de
1154 3857 1301 3924 gen.
1345 3837 1405 3900 ΙΙ
1448 3839 1510 3902 3.
1557 3839 1860 3903 33012202
1906 3839 2063 3903 ἔνιοι
2107 3834 2170 3901 δ’
2212 3830 2417 3914 εὐθὺς
2457 3842 2740 3923 τέτταρα
2845 3844 2874 3857 “

530 3941 849 4023 λέγουσιν,
894 3933 1039 4005 οἷον
1073 3938 1521 4021 Ἐμπεδοκλῆς.
1582 3937 1848 4024 συνάγει
1892 3943 1961 4007 δὲ
1989 3943 2102 4007 καὶ
2133 3932 2326 4018 οὗτος
2354 3947 2445 4017 εὶς
2472 3936 2557 4006 τα
2587 3937 2738 4006 δύο·

529 4042 623 4126 τῷ
676 4036 806 4127 γὰρ
863 4044 1018 4128 πυρὶ
1062 4032 1275 4106 τᾶλλα
1315 4038 1536 4108 πάντα
1583 4040 2025 4125 ἀνατίθησιν.
2100 4044 2205 4112 Cf.
2252 4046 2440 4111 Sturz
2483 4068 2547 4133 p.
2588 4046 2736 4109 171.

529 4145 804 4223 Brandis
850 4146 897 4209 1.
944 4168 1010 4232 p.
1041 4146 1169 4210 204
1218 4168 1295 4210 ac
1337 4151 1680 4233 praecipue
1710 4147 1923 4213 Zeller
1948 4150 1999 4213 1.
2044 4171 2106 4235 p.
2141 4150 2269 4213 182
2307 4171 2400 4235 sq.
2467 4151 2598 4235 Ipsi
2631 4169 2740 4212 au·

529 4259 654 4313 tem
701 4271 953 4327 versus,
1006 4271 1082 4313 ex
1127 4249 1357 4334 quibus
1402 4249 1531 4313 hoc
1574 4249 1842 4337 collegit
1886 4252 2265 4317 Aristoteles
2311 4254 2626 4335 (θεωρῶν
2669 4255 2740 4317 ἐκ

529 4352 659 4417 τῶν
703 4355 876 4418 ἐπῶν
913 4355 1053 4435 ὀ2),
1098 4372 1232 4417 nou
1279 4352 1576 4419 videntur
1619 4375 1969 4439 superesse.

659 4457 820 4523 9851)
860 4460 897 4521 4
946 4451 1418 4533 Λεύκιππος
1464 4459 1862 4524 δὲκαὶ-
1906 4461 1995 4523 20
2037 4455 2443 4546 ῥᾳθύμως
2495 4456 2739 4544 ἀφεῖ-
