3109 5175
1037 317 1046 326 ’
1146 372 1226 442 Λ
1285 368 1344 442 1.
1430 368 1698 444 mssa.
2382 367 2533 445 469

1355 703 1490 804 A.

1035 917 1334 976 PARS
1373 918 1798 977 rumis.

449 1037 634 1101 Prior
694 1048 757 1101 et
811 1041 1133 1124 posterior
1187 1040 1371 1105 huius
1431 1038 1580 1103 libri
1638 1050 1852 1125 partes
1912 1046 2209 1125 quantum
2277 1047 2339 1102 et
2400 1033 2527 1102 dis-

316 1139 582 1225 putandi
629 1144 879 1206 ratione
934 1154 1000 1208 et
1050 1142 1307 1209 dicendi
1350 1162 1593 1231 genere
1638 1141 1971 1222 differant,
2029 1143 2385 1229 expositum
2428 1152 2527 1206 est

313 1263 604 1329 prooem.
649 1268 713 1332 p.
745 1247 853 1310 23.

1238 1419 1464 1496 CAP.
1532 1421 1590 1494 Ι.

445 1563 530 1644 1)
581 1561 945 1641 Quaeritu-
986 1562 1071 1628 de
1109 1561 1492 1630 substantia.
1561 1561 1951 1630 Substantia
1978 1587 2199 1629 rerum
2233 1565 2520 1632 omnum

308 1669 530 1751 prima
573 1678 691 1748 est,
738 1667 950 1733 1069oe
991 1669 1294 1735 18—30.

446 1786 599 1871 Quo
657 1797 906 1871 spectet
957 1789 1254 1854 universa
1301 1787 1459 1852 haec
1502 1785 1884 1873 disputatio,
1937 1790 2153 1875 primis
2197 1785 2520 1875 significat

311 1890 555 1956 verbis:
596 1893 746 1974 περὶ
788 1893 907 1970 τῆς
951 1888 1181 1968 οὐσίας
1223 1889 1265 1971 ἡ
1307 1891 1586 1978 θεωρία,
1628 1892 2116 1958 substantiarum
2161 1901 2371 1957 autem
2407 1911 2516 1954 va-

310 1998 404 2060 ria
460 2017 650 2081 quum
707 1996 834 2059 sint
882 2016 1149 2083 genera,
1207 1993 1288 2059 ad
1331 1993 1715 2061 immobilem
1760 1999 2156 2083 potissimum
2205 2005 2272 2060 et
2314 2005 2517 2059 aeter-

309 2120 455 2164 nam
499 2098 913 2165 substantiam
958 2098 1124 2162 hanc
1164 2103 1488 2185 pertinere
1532 2102 1989 2186 quaestionem,
2031 2099 2388 2187 perstrictis
2424 2094 2514 2161 le-

310 2207 475 2268 viter
520 2207 613 2284 (c.
647 2205 886 2282 1—5)
931 2202 1298 2268 substantiis
1329 2209 1544 2271 -motui
1590 2217 1657 2270 et
1698 2207 2032 2270 mutationi
2077 2202 2392 2280 obnoxiis,
2437 2221 2515 2266 ex

308 2311 386 2373 iis
417 2330 580 2395 quae
610 2307 775 2374 infra
807 2305 974 2384 dicit,
1020 2308 1225 2372 loosb
1253 2310 1310 2387 1,
1358 2311 1418 2373 6.
1453 2311 1656 2376 10711»
1680 2311 1741 2388 3,
1778 2317 2061 2395 apparet,
2106 2307 2186 2372 cf.
2221 2326 2508 2395 prooem.

310 2437 374 2499 p.
403 2413 492 2478 23
531 2433 663 2498 sqq.
753 2409 1091 2498 Significat
1143 2423 1352 2477 autem
1397 2411 1846 2501 disputationis
1891 2410 2227 2478 consilinm
2272 2412 2384 2488 ita,
2440 2420 2514 2474 ut

309 2536 443 2581 non
487 2514 779 2580 videatur
821 2514 905 2580 ad
950 2513 1124 2581 aliud
1168 2515 1504 2605 quidpiam,
1559 2517 1733 2605 quod
1779 2528 1966 2583 antea
2015 2518 2368 2605 expositum
2411 2516 2509 2593 sit,

310 2624 646 2707 respicere,
695 2623 998 2707 proximis
1045 2624 1209 2685 enim
1254 2622 1482 2702 verbis,
1524 2644 1637 2689 cur
1680 2622 1765 2689 de
1806 2622 2161 2688 substantia
2204 2640 2508 2706 quaeren-

310 2723 460 2788 dum
516 2728 623 2801 sit,
684 2724 1082 2810 comprobat.
1172 2726 1481 2791 Nimirum
1533 2737 1879 2814 propterea
1923 2721 2368 2813 investiganda
2412 2732 2509 2787 est

308 2827 674 2907 substantia,
719 2831 882 2915 quia,
928 2827 1234 2914 quidquid
1279 2828 1360 2895 de
1404 2833 1817 2895 universitate
1858 2849 2069 2894 rerum
2105 2829 2508 2916 cogitaveris,

310 2933 697 2999 substantiae
736 2936 954 3019 utique
991 2935 1228 3018 primus
1267 2945 1364 2998 est
1397 2932 1580 2998 locus
1619 2929 2057 3021 assignandus.
2132 2933 2244 2997 καὶ
2285 2924 2415 3020 γὰρ
2451 2934 2508 2996 si

310 3035 398 3114 ὡς
442 3033 602 3103 ὅλον
642 3060 708 3101 τι
747 3031 823 3103 τὸ
866 3039 1020 3116 πᾶν,
1063 3035 1107 3118 ἡ
1154 3033 1352 3103 οὐσία
1392 3040 1655 3122 πρῶτον
1696 3043 1919 3123 mooe:
1970 3034 2305 3101 obscurius
2348 3034 2509 3099 baec

310 3140 476 3207 dicta
520 3154 591 3207 ut
633 3152 806 3207 recte
848 3145 1351 3230 interpretemur,
1393 3140 1816 3228 reputandum
1858 3152 1969 3220 est,
2012 3161 2157 3206 voc.
2194 3133 2358 3205 ὅλον
2394 3139 2503 3205 Ar.

308 3245 445 3311 fere
473 3245 832 3334 significare
862 3244 945 3323 id,
980 3244 1156 3332 quod
1185 3266 1303 3331 per
1331 3256 1562 3311 certam
1593 3246 1858 3313 formam
1888 3243 2217 3311 definitum
2249 3266 2326 3309 ac
2354 3265 2507 3310 con-

309 3360 679 3415 summatum
738 3363 835 3417 est
889 3351 1010 3432 (cf.
1053 3351 1100 3416 I
1133 3353 1191 3416 1.
1240 3351 1451 3415 10522
1487 3352 1600 3414 22:
1655 3347 1734 3416 τὸ
1793 3345 1953 3415 ὅλον
2006 3350 2122 3415 καὶ
2164 3350 2313 3434 ἕχον
2354 3342 2504 3415 τινὰ

308 3447 578 3543 μορφὴν
620 3458 730 3520 καὶ
775 3453 963 3532 εἶδος.
1033 3455 1088 3521 Δ
1121 3456 1184 3519 6.
1224 3455 1425 3519 101611
1462 3455 1574 3519 12:
1630 3446 1716 3519 ἂν
1757 3448 1852 3540 μή
1895 3476 1959 3518 τι
2001 3448 2163 3519 ὅλον
2203 3442 2262 3541 ᾖ,
2306 3453 2502 3518 τοῦτο

310 3558 380 3623 δὲ
424 3550 509 3625 ἂν
551 3552 645 3642 μὴ
690 3553 767 3625 τὸ
813 3557 984 3635 εἶδος
1026 3560 1135 3648 ἔχῃ
1177 3562 1265 3623 ἕν.
1357 3558 1445 3622 Μ
1477 3560 1540 3622 2.
1586 3559 1795 3623 1077a
1830 3558 1936 3623 28.
2010 3556 2074 3620 8.
2120 3555 2324 3620 10841)
2357 3555 2501 3634 30),

309 3661 473 3727 adeo
504 3671 576 3728 ut
605 3661 709 3727 vel
737 3666 933 3749 ipsam
964 3683 1083 3750 per
1110 3683 1183 3727 se
1210 3661 1473 3726 formam
1511 3660 1738 3726 eodem
1771 3663 2031 3726 nomine
2062 3656 2359 3745 designet
2383 3657 2503 3737 (cf.

307 3769 396 3833 H
419 3770 480 3833 6.
515 3769 726 3832 10452
750 3769 853 3844 10,
898 3766 1008 3831 ubi
1048 3768 1397 3851 opponitur
1433 3760 1661 3848 σωρός,
1706 3773 1773 3830 et
1799 3763 1882 3829 ad
1910 3766 1964 3829 Δ
1991 3764 2097 3828 25.
2127 3762 2332 3827 10231»
2352 3764 2500 3843 20).

308 3871 486 3937 Illam
532 3876 588 3937 si
629 3883 916 3936 tenemus
960 3868 1265 3935 vocabuli
1314 3854 1467 3947 vim,
1522 3869 1650 3934 hoc
1702 3867 1955 3933 videtur
1998 3869 2104 3932 Ar.
2151 3864 2392 3932 dicere:
2446 3868 2502 3930 si

308 3979 780 4041 universitatem
810 3996 1017 4041 rerum
1056 3976 1407 4062 cogitamus
1443 3995 1586 4038 esse
1621 3975 1798 4060 quasi
1832 3981 2035 4038 totum
2068 3970 2328 4058 aliquod
2361 3991 2502 4036 cor·

310 4101 450 4164 pus,
486 4079 746 4146 definita
781 4102 899 4167 per
931 4080 1194 4145 formam
1225 4080 1500 4155 materia,
1532 4075 1900 4155 substantia,
1930 4078 2219 4143 nimirum
2252 4072 2296 4156 ἡ
2329 4068 2503 4141 κατὰ

309 4177 429 4247 τὸν
472 4179 673 4267 λόγον
716 4180 910 4250 οὐσία
954 4183 1076 4263 (cf.
1122 4181 1202 4247 ad
1243 4183 1317 4247 A
1358 4184 1420 4247 6.
1466 4182 1628 4247 987ῠ
1663 4182 1820 4262 21),
1862 4184 1996 4246 sive
2039 4181 2258 4258 forma,
2299 4181 2501 4265 prima

313 4308 456 4353 esse
500 4308 646 4372 pars
684 4285 964 4372 putanda
1005 4297 1120 4352 est.
1193 4287 1450 4351 Etenim
1491 4280 1568 4351 τὸ
1612 4282 1783 4362 εἶδος
1822 4280 2142 4372 πρότερον
2181 4286 2301 4363 τῆς
2341 4276 2502 4361 ὕλης

304 4393 422 4457 καὶ
466 4392 725 4475 μᾶλλον
769 4384 863 4470 ὄν,
909 4391 970 4454 Ζ
993 4392 1054 4456 3.
1090 4391 1391 4464 loma&
1436 4390 1639 4455 forma
1683 4399 1891 4454 autem
1927 4399 1992 4454 et
2026 4389 2283 4452 materia
2322 4383 2501 4470 quod

308 4505 523 4585 partes
577 4498 878 4586 (πρῶτον
919 4499 1118 4585 μέρος
1155 4496 1331 4577 02⁰)
1390 4493 1687 4561 dicuntur
1741 4514 1895 4559 esse·
1935 4493 2028 4559 rei
2083 4488 2386 4557 definitae
2434 4498 2502 4555 et
