3109 5175
568 371 722 447 206
1401 368 1476 440 Γ
1514 365 1583 441 5.
1665 364 1936 440 lolob.

571 544 678 616 ὅτι
720 544 860 615 οὐδ’
899 551 956 613 ei
997 543 1041 627 ἡ
1087 543 1411 626 αἴσθησις
1465 539 1560 629 μὴ
1616 536 1869 635 ψευδὴς
1908 541 2030 609 τοῦ
2071 541 2244 608 ἰδίου
2286 540 2493 619 ἐστίν,
2544 537 2694 607 ἀλλ’
2734 537 2778 621 ἡ

570 654 915 744 φαντασία
971 647 1052 717 οὐ
1106 642 1352 715 ταύτὸν
1406 650 1486 737 τῇ
1541 643 1892 728 αἰσθήσει,
1948 646 2120 712 unde
2178 645 2379 734 longe
2431 644 2780 711 dilucidior

570 761 899 823 exsisteret
938 752 1422 843 argumentandi
1463 755 1695 834 ratio.)
1752 752 2021 817 -Sensus
2074 749 2406 838 quomodo
2466 747 2776 814 dicendus

569 865 654 927 sit
695 881 829 925 non
874 858 1012 924 falli
1050 864 1120 924 ὲν
1158 865 1301 933 τοῖς
1327 857 1535 934 ἰδίοις,
1576 866 1643 921 et
1677 857 1836 921 baec
1868 855 2004 922 ἴδια
2043 855 2194 942 quid
2229 854 2533 920 differant
2562 863 2780 937 aqw'ig

569 973 832 1042 κοινοῖς,
874 962 1258 1027 Aristoteles
1301 963 1564 1048 exponit
1593 958 1673 1024 de
1710 963 1895 1024 anim.
1927 960 1989 1023 11
2023 960 2086 1024 6.
2134 960 2213 1024 cf.
2247 957 2485 1024 Trend.
2524 957 2604 1023 ad
2642 958 2703 1023 h.
2736 957 2779 1023 l.

572 1079 638 1134 et
679 1069 770 1133 Ill
813 1070 877 1134 3.
925 1068 1085 1131 427⁶
1129 1065 1228 1130 12.
1297 1063 1380 1130 de
1426 1086 1593 1129 sens.
1639 1066 1702 1128 4.
1751 1064 1912 1128 442⁵
1947 1064 2020 1140 ὃς
2066 1062 2149 1128 de
2190 1064 2523 1150 phantasia
2569 1061 2649 1126 cf.
2698 1061 2782 1128 de

570 1195 672 1239 an.
703 1172 792 1238 111
826 1174 869 1237 3
907 1181 972 1235 et
1007 1169 1090 1235 ad
1119 1169 1191 1234 A
1224 1172 1281 1234 1.
1319 1169 1482 1234 98⁰⁶
1506 1170 1614 1234 26.
1679 1167 1901 1253 ltaque
1944 1178 2190 1233 tantum
2234 1167 2433 1246 abest,
2474 1177 2550 1232 ut
2582 1167 2783 1254 phan—

569 1281 728 1343 tasia
773 1297 894 1364 pro
942 1283 1108 1339 teste
1148 1275 1433 1339 veritatis
1476 1275 1685 1358 possit
1727 1270 1966 1348 haberi,
2021 1281 2092 1338 ut
2135 1293 2220 1338 ne
2264 1274 2480 1336 sensui
2525 1269 2781 1357 quidem

569 1385 867 1447 universe
911 1400 987 1442 ac
1025 1400 1145 1465 per
1187 1399 1257 1443 se
1301 1377 1462 1442 haec
1500 1378 1711 1463 possit
1749 1379 2093 1442 auctoritas
2138 1375 2361 1455 tribui,
2416 1374 2534 1440 sed
2594 1378 2781 1441 unice

570 1490 639 1552 iu
693 1482 889 1549 rebus
945 1484 1208 1570 proprie
1260 1483 1489 1569 cuique
1534 1480 1853 1546 subiectis.
1943 1481 2173 1566 Neque
2216 1478 2391 1545 aliud
2438 1478 2779 1566 quidquam

571 1611 755 1677 quam
800 1587 1209 1665 hariolantur,
1255 1609 1444 1673 quum
1492 1608 1569 1651 ex
1606 1584 1975 1650 diversitate
2015 1605 2253 1663 eorum,
2294 1586 2406 1670 qui
2442 1583 2597 1670 quid
2640 1604 2785 1649 sen·

571 1694 748 1760 sibus
803 1693 1193 1779 percipiunt,
1249 1688 1708 1755 dubitationem
1767 1700 2063 1778 repetere
2118 1687 2443 1765 videntur,
2505 1696 2571 1752 et
2624 1708 2785 1773 quo·

572 1801 740 1863 niam
798 1797 879 1860 de
939 1792 1158 1860 eadem
1215 1815 1287 1858 re
1345 1793 1517 1860 aliud
1562 1797 1927 1882 percipiunt
1972 1793 2362 1858 dormientes
2406 1789 2579 1856 aliud
2620 1793 2783 1879 vigi-

571 1902 809 1979 lantes,
864 1898 1038 1965 aliud
1092 1901 1339 1985 aegroti
1385 1898 1559 1966 aliud
1607 1901 1773 1977 sani,
1828 1907 2172 1985 propterea
2231 1895 2480 1961 diversa
2541 1899 2783 1982 pariter

571 2026 725 2070 vera
774 2025 914 2070 esse
960 2012 1314 2078 autumant3
1370 2004 1535 2067 hanc
1593 2007 1757 2069 enim
1816 2003 2279 2068 dubitationem
2326 1999 2600 2065 dicendo
2648 2002 2780 2085 qui-

573 2108 719 2176 dem
767 2129 1104 2185 exornare,
1162 2106 1509 2194 cogitando
1570 2121 1776 2173 autem
1835 2117 1903 2172 et
1953 2104 2209 2194 agendo
2268 2104 2547 2191 probare
2590 2124 2780 2169 nemo

573 2225 819 2302 potest3
877 2230 1066 2277 nemo
1129 2214 1296 2275 enim
1354 2210 1724 2277 dormientis
1771 2214 2015 2277 somnia
2060 2210 2342 2297 praefert
2384 2209 2781 2296 vigilantium

571 2319 997 2405 perceptioni,
1055 2338 1177 2380 nec
1228 2320 1432 2405 ignari
1475 2299 1747 2380 bominis
1793 2317 2086 2402 opinioni
2136 2312 2217 2378 de
2260 2311 2471 2377 morbi
2517 2311 2780 2377 alicuius

575 2425 743 2487 exitu
800 2421 987 2505 (περὶ
1043 2421 1162 2485 τοῦ
1216 2421 1571 2504 μέλλοντος
1626 2420 1908 2485 ἔσεσθαι
1960 2415 2184 2502 ὑγιοῦς
2230 2418 2389 2495 ὸ13,
2442 2420 2482 2482 i.
2527 2438 2582 2481 e.
2630 2438 2779 2481 nun

575 2528 714 2614 quis
770 2528 853 2590 sit
907 2527 1235 2591 sanitatem
1291 2526 1847 2611 recuperaturus)
1882 2531 2123 2587 tantum
2169 2521 2419 2600 tribuit,
2476 2530 2779 2607 quantun

574 2631 929 2696 sententiae
973 2629 1202 2694 medici
1240 2631 1544 2695 ⁶3—14.
1621 2627 1743 2705 Cf„
1789 2648 1975 2714 quem
2019 2625 2399 2691 Aristoteles
2442 2627 2779 2691 manifesto

573 2736 835 2820 respicit
878 2736 1024 2813 ⁶12,
1070 2734 1228 2800 Plat.
1277 2735 1542 2801 Theaet.
1591 2735 1786 2798 1782
1836 2733 1962 2797 171
1983 2752 2035 2796 e.
2087 2770 2165 2783 —-
2225 2732 2380 2796 ltem
2426 2730 2625 2796 altera
2671 2729 2783 2795 du-

572 2837 832 2916 bitatio,
890 2860 1074 2925 quam
1121 2860 1195 2905 ex
1242 2838 1606 2904 diversitate
1651 2839 1936 2923 ipsorum
1980 2852 2276 2900 sensuum
2319 2845 2648 2922 repetunt,
2704 2838 2781 2898 si-

573 2941 807 3008 mulata
876 2941 1074 3007 modo
1134 2954 1200 3009 et
1253 2946 1320 3007 in
1374 2945 1652 3029 speciem
1710 2939 2024 3026 quandam
2086 2948 2386 3004 exornata
2447 2950 2575 3017 est,
2646 2958 2782 3003 non

573 3066 758 3123 νει-ος
805 3067 995 3111 nemo
1040 3050 1205 3110 enim
1252 3047 1513 3125 dubitat,
1559 3048 1711 3132 quin
1754 3043 1838 3108 de
1881 3041 2168 3130 qualibet
2207 3066 2281 3108 re
2318 3043 2464 3130 plus
2502 3042 2782 3107 tribuen-

578 3150 724 3216 dum
770 3152 853 3214 sit
898 3151 957 3214 ei
1000 3154 1231 3229 sensui,
1274 3153 1342 3214 in
1388 3153 1566 3215 cuius
1605 3148 1719 3214 illa
1767 3158 1865 3213 est
1896 3146 2143 3213 ditione
2174 3156 2241 3212 et
2266 3149 2553 3234 imperio,
2598 3167 2781 3232 quam

578 3255 701 3334 alii,
746 3253 851 3318 vel
896 3257 1050 3339 quin
1091 3257 1304 3319 verius
1348 3274 1452 3319 res
1494 3256 1884 3342 percipiatur
1919 3250 2175 3317 modico
2216 3250 2550 3316 interiecto
2592 3252 2784 3314 inter·

575 3358 750 3423 vallo
809 3358 976 3423 inter
1032 3361 1234 3444 ipsam
1281 3369 1344 3424 et
1388 3376 1667 3437 sensum,
1728 3379 1914 3446 quam
1960 3360 2177 3422 nimio.
2266 3355 2530 3437 (Verba
2575 3347 2620 3434 ἢ
2664 3353 2785 3419 τοῦ

577 3462 858 3543 πλησίον
902 3465 1013 3529 καὶ
1058 3466 1178 3529 τοῦ
1219 3460 1424 3542 αὐτῆς
1458 3464 1588 3529 ῠ16
1628 3465 1751 3527 iam
1791 3459 2133 3528 Alexandri
2170 3469 2378 3525 aetate
2413 3458 2634 3525 eadem
2674 3481 2784 3545 ap-

575 3580 761 3656 paret
805 3568 1166 3655 corruptela
1212 3571 1531 3655 inquinata
1579 3567 1800 3645 fuisse,
1857 3588 2022 3653 quae
2074 3564 2282 3631 adbuc
2323 3566 2523 3629 textui
2567 3562 2784 3628 inbae—

576 3685 705 3748 ret;
751 3676 1048 3759 scriptum
1099 3673 1290 3737 fuisse
1336 3671 1415 3737 ab
1448 3671 1792 3737 Aristotele
1832 3670 2144 3738 eiusmodi
2184 3667 2530 3755 quidpiamz
2576 3659 2623 3747 ἢ
2662 3667 2784 3731 τοῦ

576 3778 860 3856 πλησίον
911 3779 1025 3842 καὶ
1079 3779 1200 3841 τοῦ
1255 3770 1522 3842 ἄποθεν
1577 3798 1650 3841 ex
1695 3779 2049 3842 sententiae
2092 3776 2343 3839 ratione
2384 3771 2781 3837 manifestum

580 3888 693 3959 est,
737 3879 978 3953 sedde
1023 3884 1165 3966 ipso
1210 3880 1533 3945 vocabulo
1580 3883 1648 3945 in
1691 3890 1924 3947 textum
1962 3877 2345 3968 reponendo
2382 3875 2543 3942 nihil
2582 3877 2781 3941 ausim

580 3982 956 4065 affirmare.)
1043 3985 1172 4048 lam
1218 4004 1373 4049 vero
1419 4004 1643 4050 sensus
1691 3982 1960 4071 quilibet
2002 3988 2164 4050 intra
2213 4002 2327 4047 eos
2370 3981 2569 4060 fines,
2614 3983 2780 4045 intra

580 4108 743 4174 quos
787 4089 978 4152 unice
1019 4078 1321 4153 veritatis·
1348 4087 1646 4153 iudicium
1694 4090 1753 4151 ei
1799 4098 2015 4173 potest
2061 4088 2282 4164 tribui,
2333 4086 2394 4151 b.
2424 4106 2483 4150 e.
2530 4088 2602 4149 ἐν
2644 4089 2784 4158 τοῖς

580 4193 789 4271 ἰδίοις,
833 4210 1148 4277 nunquam
1198 4190 1282 4256 de
1324 4191 1544 4257 eadem
1589 4212 1661 4256 re
1712 4190 1878 4257 idem
1922 4189 2105 4257 simul
2145 4190 2420 4255 affirmat
2456 4200 2522 4252 et
2557 4195 2782 4275 negat3

580 4298 793 4382 itaque
840 4318 916 4361 ex
958 4316 1256 4362 sensuum
1300 4294 1839 4383 perceptionibus,
1882 4299 1949 4361 in
1995 4294 2225 4382 quibua
2268 4296 2535 4358 haerent
2560 4293 2783 4356 Prota·-

579 4402 796 4487 gorei‚
851 4398 1009 4466 illud
1067 4420 1203 4465 non
1258 4411 1477 4488 potest
1534 4400 1766 4467 confici
1820 4422 1889 4466 re
1952 4399 2318 4488 diligentius
2364 4419 2655 4475 excussa,
2712 4404 2784 4459 ut

578 4507 955 4594 principium
1014 4505 1538 4572 contradictionis
1584 4504 1939 4571 tollendum
1984 4502 2293 4570 videatur.
2384 4499 2563 4588 Quid
2604 4498 2783 4587 quod
