3109 5175
572 340 709 420 132
1423 368 1474 413 α
1521 339 1591 414 2.
1667 338 1894 414 994a.

567 544 710 587 nem
745 541 879 584 non
914 539 1070 597 esse,
1105 518 1292 584 facile
1329 517 1659 595 concedet,
1697 519 1803 603 qui
1841 518 2095 605 integro
2130 514 2367 581 iudicio
2404 537 2536 580 rem
2571 517 2769 602 ipsam

567 627 961 711 spectaverit.
2292 686 2299 693 ι

698 728 849 791 Non
897 746 1038 790 esse
1084 722 1379 788 deorsum
1426 723 1735 788 infinitam
1777 745 2098 788 causarum
2136 725 2378 801 seriem,
2421 733 2495 787 ut
2533 744 2605 787 ex
2646 723 2773 786 hoc

569 831 863 907 alterum,
921 851 995 893 ex
1052 827 1255 892 altero
1317 832 1566 892 tertium
1620 828 1734 892 fiat
1780 841 1842 891 et
1885 829 2318 915 generationis
2363 824 2511 890 finis
2559 825 2772 890 nullus

569 936 678 1013 sit,
722 936 987 1019 primum
1035 929 1116 994 de
1161 930 1468 995 materiali
1500 953 1701 996 causa
1747 930 2142 1017 comprobat,
2190 929 2485 994 distincta
2531 929 2772 1017 signifi·

572 1038 821 1103 catione
867 1033 1176 1099 formulae
1221 1036 1289 1097 ἔκ
1332 1056 1507 1108 τινος
1551 1036 1924 1117 γίγνεσθαι.
2016 1036 2307 1120 Seposita
2357 1036 2522 1097 enim
2570 1055 2644 1096 ea
2692 1035 2773 1096 si·

568 1140 1001 1229 gnificatione,
1038 1158 1198 1222 quae
1235 1135 1313 1199 ad
1351 1141 1652 1223 temporis
1687 1138 2015 1203 decursum
2052 1141 2342 1223 pertinet,
2374 1133 2467 1221 μὴ
2505 1133 2590 1210 ὡς
2621 1130 2772 1199 τόδε

569 1246 842 1328 λέγομεν
884 1235 1051 1323 μετὰ
1094 1234 1243 1303 τόδε
1289 1242 1432 1316 ῠ22,
1479 1241 1555 1304 cf.
1605 1242 1659 1305 A
1701 1242 1806 1304 24.
1856 1242 2056 1306 102312
2093 1243 2152 1319 8,
2198 1244 2434 1326 quippe
2480 1260 2642 1324 quae
2687 1238 2768 1301 ab
2870 1244 2881 1259 ‘

569 1348 688 1410 hac
732 1347 1103 1431 quaestione
1150 1341 1357 1405 aliena
1401 1347 1499 1422 sit,
1545 1343 1886 1429 dupliciter
1928 1344 2038 1408 illa
2082 1344 2354 1409 formula
2400 1353 2772 1427 usurpatur;

569 1448 832 1513 dicimus
891 1450 1055 1511 enim
1115 1444 1377 1510 alterum
1438 1466 1512 1510 ex
1573 1445 1775 1512 altero
1831 1446 1974 1513 fieri
2032 1447 2137 1511 vel
2190 1450 2280 1510 sic
2324 1456 2395 1510 ut
2438 1449 2535 1508 vir
2576 1444 2653 1507 fit
2698 1465 2772 1507 ex

567 1573 789 1639 puero,
835 1548 940 1614 vel
986 1553 1075 1613 sic
1120 1560 1189 1614 ut
1233 1553 1343 1612 aae‘e‘r
1387 1548 1459 1612 fit
1506 1571 1578 1612 ex
1625 1571 1802 1634 aqua.
1889 1553 1971 1614 Et
2016 1553 2079 1614 in
2125 1550 2235 1614 illa
2280 1549 2533 1636 quidem
2578 1568 2774 1635 gene-

567 1655 750 1719 randi
795 1657 1042 1717 ratione
1088 1673 1220 1717 non
1266 1655 1419 1716 novi
1467 1651 1804 1738 quidquam
1862 1674 1935 1717 ex
1980 1657 2117 1739 ipsa
2162 1655 2583 1741 generatione
2629 1672 2774 1715 eva-

569 1757 690 1835 dit,
748 1754 865 1821 οὐκ
911 1760 980 1818 ἐκ
1023 1757 1141 1833 τῆς
1181 1758 1488 1838 γενέσεως
1528 1758 1641 1833 ὂΙ,
1700 1755 1813 1819 sed
1873 1756 1939 1820 id
1996 1756 2169 1842 quod
2214 1760 2333 1820 iam
2379 1753 2579 1818 fiendi
2627 1774 2774 1839 pro-

566 1884 749 1926 cessu
794 1861 1185 1937 continetur,
1243 1852 1319 1921 τὸ
1365 1854 1754 1941 γιγνόμενον
1791 1861 1957 1937 α26,
2012 1859 2288 1945 ideoque
2344 1858 2618 1922 medium
2676 1866 2774 1920 est

567 1968 733 2029 inter
781 1985 892 2027 ens
941 1974 1004 2026 ct
1047 1982 1361 2039 non-enS,
1408 1960 1486 2024 ad
1532 1963 1993 2047 perfectionem
2040 1985 2214 2028 suam
2260 1961 2659 2049 perducitur3
2707 1973 2772 2025 et

566 2090 754 2154 quum
799 2060 877 2131 τὸ
921 2060 1338 2148 γιγνόμενον,
1397 2075 1624 2151 utpote
1680 2062 1926 2148 μεταξὺ
1968 2069 2087 2131 τοῦ
2131 2059 2323 2141 ὄντος
2366 2067 2478 2130 καὶ
2522 2058 2613 2148 μὴ
2658 2058 2771 2128 ὅν-

562 2194 676 2245 τος
717 2170 882 2245 028,
941 2177 1165 2251 suapte
1216 2176 1437 2231 natura
1485 2168 1565 2232 ad
1612 2190 1787 2233 suam
1834 2170 2056 2234 tendat
2099 2169 2582 2255 perfectionem,
2639 2168 2770 2232 τῶν

561 2275 681 2357 μὲν
724 2266 850 2357 γὰρ
900 2264 1108 2335 ὄντων
1151 2263 1395 2351 μεταξὺ
1436 2265 1693 2354 ἀνάγκη
1740 2274 1922 2349 τέλος
1967 2268 2135 2336 εἶναι
2168 2274 2270 2349 ῠ4,
2314 2272 2475 2336 haec
2511 2269 2765 2356 quidem

561 2377 895 2463 generatio
935 2375 1000 2436 in
1037 2371 1349 2436 infinitum
1392 2374 1698 2459 progredi
1735 2397 1867 2439 non
1908 2386 2138 2462 potest.
2207 2375 2281 2438 ln
2315 2374 2519 2439 altero
2558 2385 2766 2439 autem

559 2479 992 2565 generationis
1051 2497 1314 2561 genere,
1386 2476 1557 2560 quod
1616 2479 2039 2564 significatum
2098 2487 2196 2542 est
2251 2481 2416 2542 aeris
2475 2499 2549 2542 ex
2606 2499 2766 2561 aqua

560 2584 766 2670 geniti
813 2575 1128 2664 exemplo,
1176 2576 1439 2643 alterum
1487 2584 1727 2645 exsistit
1771 2580 2191 2647 intercidente
2236 2581 2457 2660 altero,
2511 2603 2585 2646 ac
2627 2583 2767 2644 vice

559 2707 744 2750 versa
789 2685 915 2747 hoc
958 2686 1316 2746 intereunte
1355 2681 1501 2759 illo;
1547 2708 1670 2770 qua
1706 2684 2057 2774 generandi
2094 2685 2525 2751 vicissitudine
2559 2681 2768 2764 (ἀνα-

556 2783 833 2870 κάμπτει
873 2789 987 2864 ῠ3,
1034 2784 1116 2849 de
1163 2789 1340 2851 cuius
1390 2808 1528 2852 voc.
1575 2809 1692 2852 usu
1740 2790 1817 2852 cf.
1851 2790 2082 2853 Waitz
2127 2787 2207 2852 ad
2245 2790 2366 2853 An.
2413 2798 2584 2874 post.
2629 2788 2659 2850 1
2701 2789 2763 2851 3.

560 2893 675 2956 72⁶
709 2893 839 2972 36)
872 2893 1164 2975 quoniam
1198 2888 1278 2952 ad
1310 2912 1487 2954 suum
1521 2893 1717 2976 ipsius
1759 2894 2003 2957 initium
2041 2895 2373 2979 generatio
2411 2893 2764 2967 revertitur,

554 2993 834 3057 infinitas
889 2991 1341 3080 progrediendi
1394 2993 1762 3058 excluditur.
1850 2997 2070 3081 Itaque
2116 2998 2379 3060 omnino
2424 2986 2502 3059 τὸ
2551 2996 2765 3077 γίγνε-

557 3097 733 3158 σθαι
779 3097 846 3159 ἔκ
888 3118 1067 3171 τινος
1109 3116 1243 3160 non
1289 3108 1506 3181 potest
1549 3100 1616 3160 in
1651 3096 1967 3163 infinitum
2003 3098 2298 3164 deorsum
2329 3096 2650 3185 progredi.
2678 3131 2765 3144 --

556 3199 695 3261 Hac
739 3197 1165 3283 explicatione
1210 3205 1359 3264 satis
1405 3202 1526 3263 iam
1576 3201 1986 3287 comprobata
2035 3224 2176 3267 esse
2219 3222 2442 3288 spero,
2488 3222 2650 3286 quae
2694 3202 2760 3263 in

557 3299 833 3365 lectione
865 3301 1263 3367 Bekkeriana
1309 3306 1647 3383 immutavi,
1693 3304 2036 3372 Alexandri
2080 3309 2471 3392 potissimum
2508 3312 2762 3368 secutus

555 3408 1014 3469 auctoritatem.
1097 3408 1235 3470 022
1278 3403 1372 3491 μή
1417 3411 1693 3498 scripsi,
1730 3409 1841 3474 ubi
1886 3407 2090 3473 Bekk.
2142 3430 2216 3474 ex
2271 3408 2518 3493 aliquot
2571 3405 2758 3470 codd.

553 3507 835 3573 exhibuit
874 3503 934 3588 ἥ,
978 3531 1054 3572 ac
1095 3509 1330 3575 deinde
1369 3514 1503 3577 023
1550 3507 1668 3597 οὐχ
1712 3507 1920 3588 οὕτως
1961 3509 2106 3576 ἀλλ’
2147 3533 2287 3577 cum
2328 3509 2515 3577 codd.
2555 3528 2759 3596 prope

553 3610 850 3676 omnibus
908 3617 1109 3677 omisi.
1199 3616 1429 3699 Neque
1484 3619 1650 3678 enim
1708 3613 1773 3679 id
1833 3619 1993 3702 agit,
2050 3626 2122 3680 ut
2178 3637 2398 3682 omnes
2454 3618 2622 3679 iuxta
2681 3616 2760 3676 si-

553 3713 1004 3800 gnificationes
1063 3716 1372 3781 formulae
1431 3719 1499 3781 ἕκ
1554 3740 1731 3793 τινος
1777 3730 2127 3799 enumeret,
2184 3719 2298 3785 sed
2345 3729 2417 3784 ut
2457 3715 2761 3794 secludat,

554 3835 716 3902 quae
763 3819 887 3882 huc
933 3840 1063 3883 non
1110 3823 1450 3906 pertinent,
1492 3812 1587 3903 μὴ
1634 3818 1719 3896 ὡς
1761 3818 1911 3886 τόδε
1957 3825 2230 3907 λέγομεν
2272 3816 2440 3907 μετὰ
2478 3816 2647 3899 τόδε,
2695 3829 2761 3884 et

554 3942 661 3982 eas
707 3920 903 3985 modo
947 3933 1306 4000 recenseat,
1353 3927 1418 3987 in
1463 3922 1690 4009 quibus
1736 3925 1893 3988 haec
1939 3932 2225 4011 quaestio
2274 3939 2338 3991 et
2383 3926 2579 3991 debet
2619 3944 2760 3988 ver-

552 4025 674 4086 sari
724 4035 789 4088 et
829 4047 901 4089 re
946 4046 1098 4088 vera
1144 4023 1376 4090 deinde
1420 4036 1724 4091 versatur.
1772 4065 1854 4077 —
1903 4029 2101 4113 Quod
2148 4041 2353 4096 autem
2398 4027 2620 4115 paullo
2664 4031 2758 4092 in-

553 4124 643 4188 fra
678 4129 759 4190 bl
808 4130 944 4191 ἔστι
989 4131 1186 4205 omisi,
1232 4151 1366 4193 non
1413 4152 1669 4216 possum
1714 4152 1868 4195 sane
1912 4132 2094 4197 aliam
2141 4133 2445 4198 adhibere
2485 4136 2755 4199 auctori·

549 4238 738 4292 tatem
772 4251 953 4315 quam
984 4234 1395 4319 interpretum
1423 4234 1817 4299 Graecorum
1846 4236 2184 4302 Alexandri
2217 4247 2281 4301 et
2310 4237 2608 4323 Asclepii,
2640 4236 2752 4300 sed

549 4335 683 4416 ipsa
731 4340 1081 4399 sententiae
1125 4341 1374 4401 ratione
1415 4359 1486 4401 ea
1527 4360 1712 4423 quam
1750 4344 2007 4426 reposui
2049 4346 2352 4427 scriptura
2392 4344 2752 4406 necessario

547 4434 800 4500 videtur
841 4437 1130 4527 flagitari.
1198 4440 1701 4507 Describendum
1741 4453 1837 4507 est
1870 4448 2034 4508 enim
2073 4444 2137 4509 id
2172 4447 2607 4534 generationis
2641 4465 2755 4532 ge·
